3140 5014
1616 305 1705 370 22

537 504 798 586 propter
852 500 1189 566 verborum
1254 500 1628 566 electionem
1690 500 1984 566 laudatos
2046 500 2428 581 Lucretium,
2496 500 2774 580 Accium,

536 608 893 688 Laberium,
940 607 1273 687 Naevium,
1312 606 1672 687 Caecilium,
1711 607 2012 692 Novium,
2042 608 2375 676 Lucilium.
2475 611 2554 674 cf.
2587 635 2649 694 p.
2674 612 2776 689 62,

542 716 822 782 19—24.
933 715 1135 792 Quam
1201 737 1332 780 rem
1379 715 1509 780 iam
1552 737 1749 799 supra
1814 715 2144 801 tetigimus
2191 716 2658 800 Frontonisque
2704 717 2777 781 de

537 823 780 888 Lucilio
825 824 1206 888 sententiam
1252 823 1634 907 aperuimus.
1746 821 1886 887 Hoc
1939 827 2156 887 autem
2204 824 2344 887 loco
2389 823 2453 887 id
2502 823 2780 908 primum

538 929 919 996 monendum
969 934 1080 1009 est,
1130 951 1234 995 eos
1280 951 1410 994 non
1457 930 1650 994 toties
1697 929 1998 994 celebrari
2044 950 2247 1014 neque
2293 930 2486 995 tacite
2531 930 2599 994 in
2640 952 2779 996 ver-

538 1035 632 1102 bis
677 1036 1056 1121 usurpandis
1100 1036 1389 1121 spectari,
1440 1036 1686 1120 quoties
1732 1035 2033 1101 Plautum
2079 1039 2143 1101 et
2189 1036 2491 1101 Ennium.

673 1143 887 1229 Atque
932 1144 1283 1229 plurimum
1329 1143 1587 1228 quidem
1634 1166 1852 1209 eorum
1879 1143 2193 1209 Frontoni
2240 1145 2517 1209 arrisisse
2562 1145 2780 1209 viden-

537 1255 648 1316 tur
691 1250 1019 1317 Lucretius
1065 1235 1131 1317 et
1158 1250 1404 1329 AcciuS,
1454 1251 1564 1335 qui
1611 1274 1741 1317 una
1786 1274 1932 1317 cum
1965 1251 2194 1316 Plauto
2242 1254 2307 1315 et
2353 1251 2560 1337 Ennio
2610 1275 2781 1316 com-

540 1358 922 1424 mendantur
965 1357 1183 1423 Marco
1231 1357 1311 1422 ad
1357 1357 1721 1443 legendum.
1788 1359 1868 1425 cf.
1919 1381 1983 1442 p.
2033 1359 2182 1436 224,
2233 1360 2405 1425 8-9
2453 1359 2563 1443 qui
2608 1360 2782 1424 locus

540 1468 669 1531 iam
721 1487 914 1549 supra
978 1464 1162 1530 nobis
1225 1464 1515 1530 citandus
1581 1468 1738 1531 erat.
1850 1464 2206 1548 Separatim
2271 1487 2417 1530 vero
2483 1466 2782 1531 laudatur

541 1573 890 1651 LucretiuS,
940 1594 1086 1637 cum
1131 1572 1496 1656 appellatur
1542 1572 1866 1636 ‘sublimis'
1917 1595 1979 1656 p.
2031 1573 2174 1649 114,
2231 1576 2296 1652 1;
2346 1572 2589 1651 AcciuS,
2638 1595 2776 1638 cum

541 1680 774 1745 dicitur
821 1679 1139 1763 ‘aequalis‘
1188 1677 1306 1762 (ita
1353 1701 1513 1743 corr.
1554 1680 1831 1744 Klussm.
1882 1680 1925 1744 l.
1975 1702 2027 1744 c.
2073 1703 2136 1764 p.
2169 1680 2282 1763 54)
2329 1680 2410 1745 cf.
2442 1704 2504 1764 p.
2542 1682 2687 1759 114,
2710 1683 2779 1757 23

540 1787 907 1853 Lucretium
953 1785 1223 1870 denique
1272 1786 1511 1850 Fronto
1576 1787 1766 1852 etiam
1832 1787 2138 1870 excerpsit
2200 1787 2269 1851 in
2337 1809 2521 1851 usum
2565 1786 2782 1853 Marci.
2883 1806 2888 1809 ⁴

543 1894 622 1960 cf.
673 1917 736 1978 p.
791 1892 935 1971 105,
984 1893 1052 1971 43
1119 1893 1390 1958 eundem
1435 1895 1669 1971 autem,
1737 1893 1909 1976 quod
1974 1894 2164 1975 primi
2228 1894 2524 1958 viderunt
2587 1893 2781 1959 Bero-

542 2001 832 2080 linenseS,
889 2000 1215 2083 exscripsit
1259 2023 1320 2084 p.
1373 2000 1519 2078 148,
1574 2001 1656 2065 16
1703 1999 1776 2063 F.
1829 2001 2087 2064 ‘nullius
2133 2006 2283 2065 ante
2310 2002 2580 2065 —trita
2624 2001 2779 2066 solo'

544 2108 623 2173 cf.
673 2106 856 2174 Lucr.
906 2106 956 2174 Ι.
1007 2105 1163 2186 925;
1210 2105 1324 2172 IV.
1378 2108 1435 2171 1.

678 2213 859 2291 Quod
924 2213 1005 2278 ad
1068 2213 1406 2278 Laberium
1470 2216 1536 2278 et
1599 2212 1913 2278 Naevium
1978 2214 2224 2293 attinet,
2292 2215 2466 2298 prior
2529 2215 2780 2299 quidem

543 2322 990 2389 transcribitur
1050 2321 1254 2386 tribus
1312 2321 1485 2399 lociS,
1552 2343 1827 2403 quorum
1876 2321 2122 2386 duobus
2167 2321 2243 2387 de
2289 2345 2521 2401 amore,
2568 2324 2781 2401 terti0,

545 2431 654 2515 qui
700 2429 985 2494 nondum
1031 2431 1291 2493 sanatus
1337 2432 1449 2506 est,
1498 2427 1576 2491 de
1615 2427 2042 2493 dictabolariis
2074 2432 2169 2492 est
2198 2451 2418 2493 sermo.
2470 2429 2549 2493 cf.
2581 2453 2644 2514 p.
2681 2432 2781 2507 19,

552 2539 631 2604 15
680 2537 759 2617 F;
829 2538 936 2616 30,
989 2539 1069 2603 18
1117 2558 1208 2619 sq.
1260 2535 1376 2613 M;·
1432 2536 1579 2615 156,
1630 2534 1672 2601 5
1726 2535 1806 2615 F;
1880 2535 2194 2601 Naevium
2257 2540 2472 2601 autem
2535 2537 2785 2602 Marcus

531 2645 792 2723 laudat,
859 2667 1004 2710 cum
1068 2644 1144 2708 de
1206 2643 1527 2728 regiorum
1592 2643 1869 2707 filiorum
1946 2643 2442 2708 assentatoribus
2507 2646 2786 2727 loquitur

545 2752 624 2817 cf.
676 2775 739 2837 p.
789 2753 894 2830 33,
945 2752 1057 2830 243
1130 2749 1293 2815 idem
1361 2749 1641 2814 Naevius
1706 2773 1744 2814 a
1809 2749 2027 2815 Marco
2093 2751 2324 2814 iterum
2385 2751 2788 2835 praedicatur

546 2883 607 2943 p.
659 2861 764 2938 27,
827 2861 927 2938 17,
1003 2857 1113 2921 ubi
1185 2859 1480 2922 alumnus
1549 2856 1837 2940 pluribus
1899 2856 2207 2940 gaudium
2272 2857 2581 2936 describit,
2658 2879 2785 2941 quo

548 2966 837 3052 magistri
883 2964 1110 3029 litteris
1157 2965 1418 3029 affectus
1463 2963 1566 3029 sit.

681 3072 818 3137 Iam
883 3071 1188 3136 Caecilius
1253 3074 1319 3137 et
1378 3069 1621 3135 Novius
1683 3070 1951 3155 singulis
2015 3074 2271 3134 tantum
2342 3072 2495 3136 locis
2560 3073 2787 3136 diserte
2887 3127 2892 3132 .

547 3181 721 3246 verbi
767 3184 881 3245 aut
925 3200 1139 3244 versus
1184 3180 1474 3243 auctores
1520 3180 2099 3242 commemorantur
2164 3178 2243 3243 cf.
2288 3202 2350 3263 p.
2401 3181 2507 3258 31,
2562 3181 2642 3245 12
2689 3178 2785 3254 Μ;

549 3289 654 3366 69,
705 3288 791 3353 20
852 3286 938 3353 Μ.
1048 3286 1263 3351 Tacite
1336 3288 1551 3349 autem
1616 3284 1862 3348 Fronto
1936 3283 2273 3349 Caecilium
2349 3286 2633 3349 imitatus
2696 3288 2789 3347 est

548 3417 612 3478 p.
663 3395 812 3472 237,
872 3393 961 3458 20
1021 3391 1095 3456 F.
1147 3391 1900 3457 ‘commemoramentum’
1961 3392 2040 3456 cf.
2109 3391 2332 3456 Caecil.
2401 3412 2557 3454 com.
2632 3390 2784 3463 166;

550 3525 607 3586 p.
662 3502 807 3579 133,
854 3500 935 3565 14
983 3501 1054 3566 F.
1107 3499 1447 3565 ‘incursim'
1497 3498 1577 3563 cf.
1610 3496 1839 3564 Caecil.
1887 3521 2044 3564 com.
2085 3499 2202 3573 463
2250 3496 2526 3580 priorem
2571 3496 2788 3559 imita-

547 3609 792 3674 tionem
838 3608 966 3672 iam
1012 3607 1172 3671 vidit
1218 3605 1692 3671 Studemundus
1738 3605 1782 3670 l.
1831 3627 1882 3669 c.
1933 3628 1995 3688 p.
2046 3603 2244 3669 XXX.
2294 3603 2441 3669 adn.
2496 3605 2552 3667 1.
2600 3626 2647 3667 s,
2697 3603 2743 3667 f.

683 3714 858 3791 Quae
902 3718 1229 3798 praeterea
1275 3712 1583 3777 vocabula
1634 3715 1892 3777 auctore
1939 3732 2070 3775 non
2118 3711 2377 3775 laudato
2413 3732 2489 3776 ex
2527 3710 2624 3774 his
2657 3711 2788 3774 for-

548 3826 713 3886 tasse
759 3820 963 3905 poetis
1009 3820 1252 3884 Fronto
1299 3822 1632 3884 mutuatus
1679 3823 1791 3897 est,
1841 3840 1915 3883 ea
1959 3819 2178 3882 statim
2223 3817 2529 3883 dabimus,

685 3928 804 3995 Sed
879 3933 1067 3993 antea
1141 3926 1511 3991 disseremus
1578 3927 1654 3991 de
1717 3926 2042 3991 Frontone
2105 3926 2427 3990 imitatore
2490 3925 2788 4003 Terentii,

552 4058 743 4120 quam
793 4035 1229 4118 quaestionem
1275 4034 1562 4098 consulto
1611 4027 1934 4117 posuimus
1982 4034 2119 4097 loco
2182 4036 2521 4117 postremo.
2634 4031 2790 4095 Cum

550 4143 716 4207 enim
786 4164 1098 4224 nusquam
1162 4141 1333 4225 apud
1398 4140 1789 4205 Frontonem
1854 4139 2134 4205 Terentii
2206 4161 2440 4202 nomen
2503 4142 2794 4202 occurrat

551 4249 782 4313 nedum
830 4247 1122 4312 laudibus
1169 4248 1487 4326 efferatur,
1535 4248 1642 4311 vix
1688 4248 1933 4331 opinari
1983 4248 2178 4330 possis
2209 4245 2571 4311 Terentium
2605 4246 2793 4308 fuisse

554 4356 872 4421 Frontoni
947 4355 1300 4421 dictionum
1375 4358 1490 4420 aut
1563 4354 2013 4420 vocabulorum
2087 4354 2350 4418 fontem.
2488 4351 2793 4417 Attamen
