3140 5014
1437 369 1523 434 49

358 587 545 648 quam
588 568 632 626 Χ
665 564 851 629 facile
899 568 1079 648 potes
1124 566 1418 648 supplere
1466 564 1544 628 ad
1594 565 1874 629 litteram
1922 587 1979 642 a,
2029 563 2253 628 deinde
2291 563 2508 629 littera
2537 587 2598 627 m

358 673 422 736 in
470 672 597 736 fine
643 693 854 735 versus
898 671 1296 756 significatur
1339 675 1551 736 tractu
1598 693 1787 754 super
1816 672 2094 735 vocalem
2123 670 2601 735 antecedentem

358 778 562 862 posito
591 776 693 856 (cf.
722 776 1226 842 Studemundum
1255 779 1298 859 1.
1330 800 1376 844 c.
1410 802 1470 860 p.
1500 777 1647 861 ΙΧ);
1697 777 1853 841 illud
1892 799 1924 842 c
1963 776 2231 861 denique
2262 784 2375 842 aut
2402 779 2604 842 altera

358 906 505 969 pars
550 885 800 948 litterae
848 908 887 947 u
936 887 1047 962 est,
1097 890 1170 949 ut
1214 891 1350 950 tum
1400 887 1467 948 in
1515 886 1748 950 lacuna
1796 884 2147 949 exciderint
2192 890 2395 949 altera
2440 885 2604 948 eius-

360 992 499 1056 dem
547 992 794 1056 litterae
840 992 1156 1075 particula
1205 997 1270 1056 et
1315 994 1530 1056 littera
1586 1014 1655 1074 q,
1714 996 1829 1056 aut
1892 992 2195 1075 compleri
2258 998 2471 1076 potest
2525 991 2606 1055 ad

360 1099 526 1165 hanc
575 1098 876 1165 litteram.
970 1100 1184 1182 Atque
1233 1099 1550 1163 lenissima
1599 1100 1673 1162 fit
1708 1099 2089 1177 emendatiO,
2140 1101 2195 1164 si
2225 1099 2329 1163 hic
2356 1118 2607 1182 quoque

362 1207 434 1268 ut
479 1205 631 1269 alibi
682 1227 1165 1289 nonnumquam
1212 1229 1327 1289 pro
1374 1229 1461 1289 qu
1505 1208 1744 1289 scripta
1792 1207 1919 1269 fuit
1966 1229 2006 1289 q
2053 1205 2271 1269 littera
2316 1204 2451 1269 sola
2500 1204 2609 1287 (cf.

361 1335 422 1395 p.
469 1314 549 1377 81
601 1311 746 1376 adn.
800 1316 869 1387 7;
925 1313 1240 1379 121adn.
1293 1315 1402 1390 103
1455 1315 1580 1379 197
1612 1312 1757 1377 adn.
1792 1313 1865 1389 5;
1920 1313 2038 1378 181
2075 1335 2131 1376 v.
2171 1311 2302 1395 17.)
2351 1311 2609 1389 ‘Quam-

363 1418 471 1482 vis'
520 1440 664 1482 cum
710 1418 1020 1495 adiectivo
1067 1420 1474 1484 coniunctum
1543 1422 1858 1502 reperitur
1925 1443 1975 1483 e.
2025 1440 2088 1503 g.
2138 1441 2201 1502 p.
2274 1419 2426 1497 195,
2501 1420 2610 1496 1Ο;

363 1526 512 1622 202,
566 1527 665 1589 11.
762 1525 1050 1608 Spatium
1100 1531 1314 1589 autem
1362 1527 1821 1605 oblitteratum,
1872 1527 2042 1610 quod
2085 1525 2421 1609 praecedit,
2458 1527 2611 1589 satis
2729 1573 2733 1577 -

363 1638 652 1696 accurate
709 1637 781 1696 ut
834 1633 900 1697 in
959 1635 1186 1697 lacuna
1251 1636 1615 1698 coniectura
1675 1632 1903 1698 Orellii
1967 1633 2176 1715 (⁶duos
2241 1633 2436 1716 deos‘)
2500 1638 2614 1698 aut

365 1737 708 1803 Ecksteinii
757 1740 981 1822 (⁴divos
1029 1741 1232 1822 duos')
1280 1742 1591 1824 expletur.
1669 1742 1842 1816 Quae
1880 1763 2022 1804 cum
2071 1741 2162 1806 ita
2206 1741 2353 1819 sint,
2401 1745 2612 1804 totum

368 1847 573 1933 locum
617 1847 705 1910 sic
752 1847 1098 1911 constituo:
1168 1847 1397 1933 ‘Agere
1444 1848 1520 1911 de
1567 1848 1800 1913 finibus
1856 1847 2044 1912 duos
2108 1848 2286 1911 deos
2350 1869 2611 1930 quam-

371 1952 480 2015 vis
527 1951 727 2017 claros
774 1957 838 2017 et
884 1955 1144 2031 nobiles,
1195 1954 1544 2039 Vesperum
1594 1959 1657 2019 et
1702 1955 2095 2032 Luciferum,
2147 1955 2321 2037 puta‘
2371 1976 2419 2021 e.
2462 1977 2522 2037 q.
2561 1975 2608 2016 S.

500 2076 582 2140 nd
631 2077 705 2141 Μ.
754 2077 931 2142 caes·
980 2079 1040 2142 V.
1092 2077 1169 2143 31
1238 2077 1383 2161 (46)
1450 2095 1504 2159 ρ.
1566 2078 1675 2160 85,
1733 2079 1774 2143 6
1841 2079 2092 2143 Marcus
2158 2079 2473 2143 Frontoni
2536 2078 2613 2141 de

366 2185 517 2247 novi
563 2186 717 2247 anni
762 2185 1197 2269 gratulatione
1243 2186 1399 2250 haec
1443 2187 1691 2250 scribit:
1762 2187 2069 2262 ‘Quietius
2115 2187 2280 2250 idem
2338 2187 2448 2250 fiet
2504 2209 2613 2269 pe-

369 2290 603 2369 rendie,
651 2291 701 2354 si
752 2290 851 2355 dei
900 2292 1100 2358 dent.
1152 2292 1424 2358 Gratia
1469 2296 1583 2357 tna
1631 2293 1841 2357 officio
1889 2293 2110 2357 functa
2159 2294 2294 2356 est.'
2377 2293 2616 2367 Quibus

366 2399 434 2461 in
480 2399 684 2462 verbis
729 2420 858 2462 non
906 2400 1127 2483 prob0,
1178 2400 1346 2483 quod
1381 2399 1671 2464 Naberus
1702 2399 1945 2464 Maium
1980 2402 2227 2464 secutus
2272 2401 2340 2462 in
2385 2398 2615 2463 lacuna

368 2506 688 2590 supplevit
747 2505 960 2572 ‘dent'.
1074 2507 1296 2591 Neque
1344 2510 1509 2572 enim
1558 2510 1626 2572 in
1674 2507 1976 2571 eiusmodi
2024 2505 2340 2585 formuliS,
2388 2505 2617 2589 quibus

371 2737 495 2773 cum
532 2721 698 2789 paulo
736 2723 860 2790 post
896 2738 1080 2773 rursus
1118 2738 1242 2773 cum
1279 2720 1460 2789 prima
1496 2738 1667 2775 manu
1705 2720 1918 2775 editum
1956 2721 2030 2775 sit
2066 2721 2138 2789 (p.
2162 2721 2283 2786 253,
2313 2719 2403 2788 21)
2424 2719 2613 2773 ‘alieis'

372 2809 493 2875 (sec.
532 2827 603 2862 m.
644 2809 806 2878 aliis).

513 2899 946 2967 Nonnumquam
992 2916 1120 2953 vero
1158 2899 1407 2953 Naberus
1443 2900 1503 2952 in
1541 2899 1748 2954 eisdem
1795 2900 1974 2953 verbis
2011 2899 2171 2954 modo
2207 2898 2419 2968 primae
2454 2898 2616 2951 modo

373 2987 640 3042 secundae
675 3006 871 3042 manus
908 2990 1362 3059 orthographiam
1401 2989 1660 3043 adhibuit
1672 3012 1684 3054 ;
1723 2989 1932 3059 legitur
1970 2989 2143 3043 enim:

373 3076 506 3146 Pag.
553 3078 668 3141 182,
708 3080 738 3130 5
777 3078 967 3146 ingeni
1005 3096 1051 3132 c.
1087 3096 1166 3147 pr.
1205 3097 1276 3132 m.
1318 3078 1438 3144 (sec.
1550 3078 1685 3147 Pag.
1727 3079 1810 3143 96,
1849 3080 1911 3130 12
1949 3077 2162 3146 ingenii
2200 3095 2242 3131 c,
2274 3094 2375 3131 sec.
2404 3094 2476 3130 m.
2518 3076 2617 3146 (pr.

447 3182 518 3216 m.
557 3164 791 3232 ingenii)
1621 3183 1692 3219 m.
1732 3166 1943 3234 ingeni)
2383 3190 2386 3193 ⁴

376 3252 510 3322 Pag.
552 3253 636 3317 75,
674 3254 709 3305 8
746 3252 835 3305 dei
873 3270 915 3306 c.
945 3271 1025 3322 pr.
1054 3272 1123 3307 m.
1166 3252 1224 3321 (s,
1260 3272 1332 3307 m.
1363 3254 1441 3323 di)
1549 3254 1683 3325 Pag.
1726 3258 1845 3320 215,
1891 3256 1952 3308 15
2009 3254 2093 3307 dis
2131 3273 2174 3308 c.
2215 3271 2255 3307 ε.
2294 3272 2365 3307 111.
2406 3253 2505 3322 (pr.
2545 3271 2618 3306 111.

376 3431 511 3503 Pag.
552 3432 675 3496 232,
714 3431 784 3484 25
821 3430 936 3483 deis
973 3429 1107 3498 (cod.
1148 3430 1282 3497 dies)
1550 3344 1810 3503 Ραξωξῆ
1850 3434 1884 3486 4
1940 3433 2045 3485 diis
2083 3432 2218 3500 (cod.
2257 3449 2335 3500 pr.
2374 3450 2445 3485 m.
2486 3430 2619 3499 dies)

377 3519 511 3589 Pag.
557 3519 671 3584 136,
713 3522 780 3573 10
838 3537 1004 3588 quom
1050 3538 1093 3573 c.
1132 3539 1211 3590 pr.
1250 3538 1321 3573 m.
1381 3519 1440 3586 (s,
1551 3521 1685 3591 Pag.
1731 3524 1847 3587 175,
1889 3524 1919 3575 5
1970 3522 2459 3590 quotienscumque
2496 3538 2539 3573 c.
2578 3538 2620 3573 e.

449 3627 519 3663 m.
559 3610 704 3676 cum)
1300 3627 1314 3639 ⁸
1625 3629 1699 3664 m.
1736 3611 1836 3679 (pr.
1877 3630 1948 3665 m.
1989 3611 2540 3678 quotiensquomque)

378 3698 512 3767 Pag.
559 3699 675 3762 104,
719 3699 781 3752 10
820 3716 987 3766 quom
1015 3716 1057 3752 (1.
1079 3717 1158 3767 pr.
1180 3718 1251 3752 m.
1284 3698 1343 3765 (s.
1369 3716 1441 3751 m.
1554 3698 1690 3767 Pag.
1734 3701 1851 3765 184,
1895 3702 1956 3754 11
1999 3718 2122 3754 cum
2159 3718 2203 3753 c.
2234 3718 2273 3752 s.
2304 3716 2376 3751 m.
2418 3698 2517 3766 (pr.
2548 3715 2619 3750 m.

451 3805 575 3841 cum
614 3787 680 3841 cf.
720 3787 873 3841 Stud.
914 3789 949 3841 1.
989 3806 1033 3841 c.
1082 3806 1133 3856 p.
1173 3788 1268 3842 VI.
1307 3806 1346 3841 s.
1386 3789 1445 3855 f.)
1626 3787 1832 3855 quomi)

380 3877 514 3946 Pag.
558 3878 640 3941 12,
667 3878 728 3930 13
749 3893 915 3943 quom
935 3875 1071 3944 (cod.
1091 3878 1279 3946 quam)
1299 3877 1446 3931 idem
1555 3877 1629 3929 Pa
1637 3895 1690 3945 g.
1718 3878 1834 3942 170,
1862 3878 1925 3930 14
1945 3894 2068 3931 cum
2089 3877 2224 3944 (cod.
2245 3895 2325 3945 pr.
2346 3894 2418 3929 m.
2434 3874 2623 3943 quam)

450 3967 515 4020 fit
551 3983 602 4034 p.
648 3966 764 4030 106,
810 3965 897 4031 193
939 3967 1057 4030 145,
1099 3967 1188 4031 163
1243 3969 1356 4032 157,
1397 3970 1445 4021 5.

381 4056 515 4126 Pag.
556 4055 677 4119 237,
710 4056 776 4110 15
815 4055 1182 4110 autscultaret
1211 4074 1252 4110 c.
1274 4074 1354 4125 pr.
1374 4075 1445 4109 m.
1557 4055 1689 4125 Pag.
1734 4057 1851 4120 192,
1899 4057 1961 4109 12
1999 4055 2248 4110 ausculto
2285 4072 2327 4108 (1.
2350 4073 2388 4109 S.
2410 4073 2481 4108 m.
2522 4054 2621 4123 (pr.

455 4145 513 4211 (S.
553 4150 624 4198 m‘.
665 4143 1022 4212 auscultaret)
1665 4164 1736 4198 m.
1778 4145 2073 4213 autsculto)

524 4250 831 4305 Minutulas
868 4269 952 4305 res
1007 4255 1064 4306 et
1119 4269 1211 4305 eas
1266 4251 1490 4319 quidem
1542 4251 1999 4320 orthographicas
2053 4251 2516 4320 reprehendimuS,
2562 4279 2623 4287 —-—

385 4355 723 4406 quamquam
758 4358 869 4394 non
905 4340 1092 4394 omnia
1128 4340 1522 4410 proposuimus,
1562 4344 1791 4409 possunt
1828 4340 2005 4394 multo
2033 4341 2196 4409 plura
2222 4339 2528 4394 enumerari
2559 4368 2622 4379 -··

385 4430 638 4482 attamen
675 4430 744 4482 ab
782 4431 990 4485 editore
1027 4430 1192 4485 certis
1229 4431 1559 4498 quibusdam
1595 4431 1813 4499 legibus
1850 4433 2010 4484 erant
2047 4429 2386 4484 tractandae.

2199 4520 2234 4570 4
