3140 5014
1528 343 1605 407 11

534 576 542 581 ·
581 540 822 605 Verum
868 561 997 603 non
1050 540 1259 603 solum
1311 536 1580 622 legendo
1637 535 1884 614 Catoni,
1954 537 2062 600 sed
2126 537 2318 602 etiam
2373 535 2686 600 imitando

450 647 701 711 Marcus
733 668 993 729 operam
1029 645 1304 710 navavit.
1364 644 1535 708 Nam
1576 643 1805 729 diserte
1836 644 2117 709 affirmat
2145 643 2403 708 Catonis
2432 643 2688 727 quidem

451 755 719 819 lectione
787 753 1029 816 factum
1092 773 1238 830 esse,
1298 750 1468 834 quod
1533 773 1678 815 cum
1738 750 1949 814 studio
2015 751 2394 834 particulam
2456 738 2687 833 ‘atque'

452 863 725 943 usurpet.
819 859 898 923 cf.
940 859 1045 934 36,
1090 857 1351 923 13—-15
1390 856 1476 920 M.
1554 861 1724 920 ‘nam
1788 857 1901 922 uni
1958 856 2046 921 M.
2098 857 2321 922 Porcio
2368 879 2468 921 me
2514 856 2690 920 dedi-

452 966 590 1032 cavi
663 968 855 1049 atque
928 963 1233 1048 despondi
1305 967 1499 1047 atque
1575 963 1881 1048 delegavi.
2006 962 2145 1029 Hoc
2216 964 2411 1028 etiam
2480 963 2693 1046 ipsum

456 1074 683 1156 ‘atque'
751 1071 918 1136 unde
981 1076 1212 1154 putas?
1298 1094 1373 1135 ex
1440 1071 1577 1154 ipso
1642 1071 1861 1135 furor.'
1942 1070 2059 1148 (ita
2122 1073 2289 1135 recte
2346 1070 2553 1134 Maius
2630 1073 2693 1133 et

454 1179 543 1249 M.
599 1179 825 1244 Hertz:
903 1180 1114 1244 annal.
1175 1177 1335 1262 phil.
1399 1177 1610 1261 suppl.
1682 1179 1739 1241 7.
1807 1201 1868 1261 p.
1934 1179 2018 1242 23
2085 1176 2229 1243 adn.
2287 1177 2422 1255 53.)
2542 1175 2691 1241 Alio

398 1276 403 1279 ⁷
459 1309 709 1369 quoque
754 1287 894 1350 loco
942 1285 1196 1350 Marcus
1242 1283 1544 1348 Catonem
1593 1283 1924 1349 verborum
1977 1287 2297 1350 auctorem
2347 1284 2689 1367 praedicat.

459 1394 536 1460 cf.
583 1416 644 1477 p.
695 1394 801 1471 32,
838 1395 869 1457 1
903 1392 989 1458 M.
1072 1392 1243 1456 ‘dum
1288 1412 1354 1456 se
1397 1392 1782 1475 intempesta
1827 1413 1972 1469 nox,
2022 1394 2098 1454 ut
2150 1391 2238 1454 ait
2276 1390 2363 1455 M.
2408 1389 2686 1468 PorciuS,

456 1500 874 1583 praecipitat.'
969 1497 1132 1582 (Cat.
1202 1522 1264 1582 p.
1336 1500 1439 1577 86,
1502 1500 1584 1564 18
1642 1498 1835 1574 Iord.)
1945 1497 2161 1580 Atque
2223 1497 2377 1561 haec
2440 1496 2695 1580 quidem

457 1607 532 1670 de
593 1606 809 1671 Marco
873 1604 1131 1671 Catonis
1194 1607 1428 1671 lectore
1493 1608 1685 1688 atque
1748 1605 2089 1670 imitatore.
2202 1604 2557 1668 Redeamus
2614 1603 2694 1667 ad

461 1714 869 1779 Frontonem.

593 1838 733 1902 Iam
795 1859 1070 1902 summas
1134 1838 1350 1902 laudes
1414 1837 1660 1902 Fronto
1724 1837 1951 1902 Catoni
2014 1837 2154 1901 ideo
2221 1837 2468 1914 tribuit,
2526 1836 2696 1919 quod

458 1945 744 2010 omnium
809 1950 1154 2023 oratorum,
1222 1949 1296 2009 ut
1362 1945 1470 2023 ait,
1540 1950 1607 2007 et
1677 1945 2114 2008 Romanorum
2180 1946 2246 2006 et
2309 1942 2698 2006 Graecorum

460 2051 908 2135 praeteritione
939 2042 1402 2135 elegantissime
1433 2072 1580 2115 usus
1608 2051 1711 2114 sit.
1778 2051 1858 2117 cf.
1894 2074 1956 2134 p.
1993 2051 2098 2127 99,
2137 2049 2415 2115 18-22,
2495 2048 2696 2124 Quam

461 2179 604 2222 cum
650 2156 938 2220 Marcum
982 2157 1050 2219 in
1098 2158 1389 2221 oratione
1421 2155 1728 2240 Cyzicena
1776 2156 2133 2221 adhibuisse
2164 2156 2491 2239 comperit,
2540 2154 2698 2227 adeo

460 2264 740 2327 laetatur
785 2265 850 2326 et
897 2263 1190 2339 exsultat,
1241 2266 1314 2325 ut
1351 2285 1493 2326 eum
1529 2262 1701 2326 brevi
1728 2285 2044 2327 summum
2074 2263 2472 2345 eloquentiae
2519 2240 2701 2326 fasti-

464 2371 641 2455 gium
688 2390 1090 2434 ascensurum
1153 2369 1488 2451 praedicet.
1600 2369 1681 2434 cf.
1729 2392 1792 2452 p.
1841 2370 1945 2447 98,
1999 2370 2192 2433 3-6.
2256 2371 2361 2446 98,
2419 2370 2697 2434 18—-23,

465 2476 655 2542 Haud
702 2480 938 2541 temere
984 2475 1266 2540 conicere
1313 2496 1644 2559 possumus
1690 2475 2077 2540 Frontonem
2143 2474 2263 2541 hac
2308 2476 2375 2539 in
2422 2497 2490 2540 re
2536 2478 2703 2541 certe

466 2584 719 2668 quidem
765 2584 832 2647 in
882 2582 1274 2647 orationibus
1318 2583 1694 2647 iudiciorum
1740 2582 2049 2647 exstitisse
2105 2581 2365 2646 Catonis
2422 2583 2701 2646 aemula-

464 2694 669 2753 torem
745 2690 1342 2773 frequentissimum.
1461 2690 1547 2753 Et
1620 2711 1747 2772 quo
1821 2689 2051 2753 clarius
2124 2691 2414 2767 eluceret,
2510 2712 2701 2773 quam

469 2798 726 2883 egregie
772 2796 932 2861 Cato
979 2819 1113 2861 rem
1158 2798 1463 2882 gessisset,
1515 2796 1924 2879 prolixiorem
1971 2796 2447 2880 praeteritionis
2493 2797 2700 2859 locum

469 2926 545 2967 ex
601 2904 889 2968 oratione
958 2904 1053 2969 ‘de
1115 2908 1374 2987 sumptu
1435 2905 1567 2968 suo'
1635 2905 1844 2968 totum
1912 2902 2258 2987 descripsit.
2353 2903 2433 2967 cf.
2484 2925 2545 2986 p.
2597 2904 2700 2979 99,

470 3012 795 3088 23-100,
846 3013 949 3075 21.
1036 3010 1198 3094 (Cat.
1257 3035 1319 3095 p.
1370 3013 1452 3076 37
1503 3010 1709 3091 Iord.)

602 3135 897 3200 Profecto
962 3136 1277 3201 Frontoni
1353 3137 1495 3218 plus
1567 3136 1814 3219 gratiae
1865 3135 2271 3212 -haberemuS,
2335 3134 2388 3197 si
2472 3134 2705 3216 ubique

470 3263 586 3325 pro
662 3242 872 3304 nimiis
945 3242 1082 3305 istis
1156 3246 1440 3306 veterum
1512 3240 2001 3318 laudationibuS,
2087 3262 2248 3323 quae
2320 3263 2546 3323 parum
2625 3239 2706 3304 ad

469 3348 802 3431 scriptores
874 3348 1122 3431 plenius
1182 3348 1637 3431 pernoscendos
1702 3349 1937 3425 valent,
2013 3348 2226 3431 potius
2296 3348 2468 3411 locos
2541 3348 2707 3429 ipsos

471 3460 802 3519 auctorum
877 3456 1314 3538 exscripsisset.
1441 3454 1612 3518 Nam
1683 3454 1970 3537 quamvis
2034 3453 2340 3518 Catonem
2416 3454 2707 3517 laudibus

473 3562 708 3639 efferat,
776 3567 988 3626 tamen
1060 3563 1337 3627 multum
1399 3563 1595 3639 abest,
1661 3567 1736 3626 ut
1807 3584 1920 3643 per
1987 3560 2379 3624 Frontonem
2454 3559 2708 3644 quidem

474 3669 752 3731 nostram
787 3668 862 3731 de
888 3667 1130 3733 Catone
1159 3669 1459 3733 notitiam
1491 3690 1877 3752 magnopere
1905 3671 2159 3732 auctam
2198 3666 2643 3750 praedicemus
2661 3665 2708 3742 1)

473 3935 673 4005 ligant,
729 3952 884 3989 voces
939 3934 1245 4003 singulares
1298 3932 1654 4002 investigent,
1704 3951 2011 4002 synonyma
2048 3931 2392 4000 conquirant,
2430 3930 2738 3984 vocabulis,

475 4027 531 4078 et
585 4023 917 4078 dictionibus
972 4022 1162 4092 priscis
1218 4024 1465 4077 utantur.
1559 4023 1626 4077 cf.
1674 4040 1727 4091 p.
1773 4024 1887 4087 106,
1926 4023 2063 4075 3—-7
2102 4021 2160 4076 F.
2219 4019 2299 4088 (in
2342 4019 2541 4089 marg.)
2590 4021 2709 4083 151,

481 4115 614 4168 1--8
652 4114 709 4167 F.

623 4218 664 4287 1)
703 4220 858 4285 Quod
895 4221 962 4274 de
999 4219 1207 4274 Catone
1243 4218 1497 4284 diximus,
1537 4218 1710 4273 etiam
1737 4218 1797 4272 in
1823 4221 2029 4272 ceteros
2059 4217 2345 4287 scriptores
2377 4235 2411 4270 a
2437 4217 2712 4270 Frontone

476 4310 729 4363 laudatos
767 4310 940 4375 cadit3
998 4326 1064 4363 ex
1110 4308 1308 4376 quibus
1355 4325 1424 4362 ne
1464 4308 1781 4376 fragmenta
1817 4307 2040 4375 quidem
2087 4307 2268 4361 multa
2306 4306 2575 4359 Frontoni
2623 4305 2709 4358 de·

475 4398 692 4462 bemus;
730 4415 862 4452 nam
897 4397 944 4451 si
982 4415 1050 4453 ea
1085 4396 1599 4467 praetermittimus,
1649 4401 1818 4468 atque
1865 4414 1930 4452 ea
1978 4396 2202 4466 quidem
2239 4413 2529 4466 perpauca,
2569 4411 2712 4462 quae
