3140 5014
1470 329 1576 397 61,

525 522 720 577 Multis
757 522 889 578 locis
924 523 1129 578 Fronto
1166 541 1232 577 ea
1266 522 1618 592 potissimum
1655 540 1963 591 synonyma
1999 521 2301 586 coniunxit,
2362 538 2504 590 quae
2559 523 2630 576 ab

385 611 576 666 eadem
612 612 1015 698 praepositione
1068 612 1294 666 initium
1349 612 1594 681 capiunt,
1651 628 1848 680 nempe
1903 612 2119 676 idcirce,
2177 614 2241 665 ut
2279 610 2431 665 notio
2468 628 2626 679 syno-

383 700 564 769 nymis
602 701 965 771 significanda
1001 701 1174 756 etiam
1211 701 1708 770 praepositionibus
1746 701 2147 755 illustraretur:

385 826 655 895 appellare
694 827 872 895 adque
911 826 1081 881 adfari
1122 827 1205 890 53,
1247 827 1278 878 2
1317 825 1374 879 F.

383 915 696 969 concinnius
751 919 848 969 aut
904 915 1289 984 congruentius
1352 919 1451 969 aut

489 1003 878 1060 commodatius
924 1005 1036 1068 162,
1078 1005 1216 1058 5—6
1252 1004 1310 1068 F,

382 1093 765 1149 concordarent
819 1096 876 1147 et
932 1096 1339 1149 consuescerent
1394 1095 1451 1146 et

488 1185 947 1252 congregarentur
985 1182 1069 1247 58,
1106 1183 1317 1235 21—22
1355 1183 1412 1235 F.

382 1271 625 1325 dedicavi
663 1275 833 1340 atque
870 1271 1127 1341 despondi
1165 1274 1335 1338 atque
1364 1272 1446 1324 de-

486 1361 671 1430 legavi
710 1361 795 1426 36,
841 1362 1045 1415 13--14
1082 1361 1154 1414 M.

381 1449 649 1504 dediderit
678 1454 846 1518 atque
874 1450 1149 1505 devoverit
1187 1451 1272 1513 96,
1303 1450 1368 1502 14
1388 1449 1446 1503 F.

380 1538 635 1593 effectum
671 1542 729 1593 et
766 1539 1111 1594 elaboratum
1146 1539 1231 1604 28,
1275 1540 1336 1593 13
1372 1539 1445 1592 M.

379 1628 529 1698 erige
566 1631 623 1683 te
660 1631 717 1683 et
754 1629 950 1683 extolle
990 1629 1107 1693 148,
1147 1630 1178 1681 4
1218 1629 1275 1681 F.

380 1716 763 1786 extirpandum
782 1718 1191 1785 eruendumque
1212 1719 1295 1781 59,
1314 1717 1446 1770 14F.

383 1803 771 1875 [exploJmtum
790 1811 959 1875 atque
983 1807 1297 1877 expeditum
1331 1808 1446 1871 106,

264 1966 267 1971 ι
488 1895 521 1949 8
556 1896 629 1949 Μ.
670 1895 788 1963 (loc.
828 1896 1063 1965 mutilo).

1457 2153 1544 2209 ΙΙ.

1560 826 1759 880 iniussu
1797 829 1967 894 atque
2005 828 2253 879 invocatu
2305 826 2420 889 114,
2461 826 2529 878 26
2569 826 2625 879 F.

1559 916 1842 969 inlibatam
1881 919 1938 969 et
1976 915 2293 969 incolumem
2332 915 2416 978 79,
2452 915 2516 967 14
2553 915 2624 968 M.

1559 1005 1865 1072 imperitum
1903 1007 1960 1058 et
1995 1003 2264 1058 indoctum
2302 1004 2387 1067 61,
2427 1004 2495 1057 23
2534 1004 2590 1056 Ε.

1558 1094 1816 1163 inpudens
1855 1096 2023 1161 atque
2061 1092 2309 1160 lnpudica
2345 1094 2430 1156 40,
2471 1094 2504 1145 6
2541 1093 2597 1145 F.

1559 1184 1833 1251 insperata
1879 1182 2057 1250 adque
2104 1181 2381 1250 inopinata
2436 1182 2520 1246 63,

1671 1273 1875 1325 14-15
1913 1271 1971 1324 F.
2045 1270 2111 1324 cf.
2151 1271 2236 1334 63,
2281 1269 2343 1323 17
2382 1271 2439 1324 F.

1559 1363 1765 1430 integro
1793 1360 2017 1414 inlibato
2037 1360 2288 1413 lncolumi
2317 1362 2365 1424 5,
2392 1361 2528 1413 1-2
2551 1361 2623 1414 Μ.

1559 1449 1748 1503 inutile
1801 1466 1901 1503 nec
1956 1449 2344 1503 infructuosum
2406 1451 2519 1514 105,

1669 1540 1870 1593 10-11
1910 1539 1966 1592 F.

1557 1628 1812 1682 invictam
1834 1631 1889 1682 et
1905 1626 2379 1697 inexpugnabilem
2395 1629 2509 1691 121,
2522 1630 2555 1680 4
2565 1628 2622 1682 F.

1558 1718 1803 1783 obnixus,
1842 1716 2119 1786 oppositus
2157 1717 2278 1782 232,
2323 1719 2387 1769 14
2425 1717 2482 1769 F.

1557 1807 1781 1860 remotis
1819 1809 1876 1860 et
1913 1805 2191 1873 requisitis
2230 1807 2313 1869 64,
2357 1808 2382 1859 1
2424 1806 2480 1859 F.

1557 1895 1822 1965 respirabi
1845 1923 1909 1933 —-
1931 1898 1988 1950 et
2026 1894 2235 1949 revalui
2278 1896 2394 1960 133,
2435 1897 2464 1949 7
2504 1896 2561 1949 F.

639 2269 1015 2335 Excursus
1080 2271 1165 2334 de
1231 2270 1733 2334 deminutivis
1799 2268 2370 2335 FrontonianiS.

523 2429 661 2483 Cum
697 2430 901 2484 Fronto
938 2434 1227 2500 poetarum
1264 2431 1592 2486 comicorum
1642 2428 1951 2483 aemulator
2004 2428 2078 2481 sit
2135 2428 2623 2496 frequentissimus,

381 2523 805 2576 consentaneum
844 2525 942 2586 est,
982 2539 1251 2591 magnum
1288 2539 1579 2578 numerum
1615 2519 2082 2573 deminutivorum
2120 2518 2180 2572 in
2218 2518 2471 2587 epistulis
2509 2519 2625 2573 eius

380 2610 620 2679 reperiri.

634 2739 676 2790 1.
734 2736 1195 2793 Substantiva.

381 2843 600 2912 apicula
640 2845 756 2908 137,
796 2845 828 2898 3
865 2844 923 2898 F.

379 2933 668 2987 arbuscula
706 2934 754 2998 7,
799 2934 863 2987 16
897 2933 953 2987 Ε.

378 3022 720 3076 Atellaniola
756 3024 843 3086 34,
888 3023 949 3075 15
987 3023 1058 3077 M.

379 3109 629 3164 auricula
665 3110 751 3174 28,
790 3112 822 3163 3
860 3111 933 3163 Μ.

379 3198 597 3252 avicula
639 3198 755 3261 182,
795 3199 827 3250 9
864 3197 922 3250 F.

378 3287 636 3341 chartula
678 3286 793 3351 182,
831 3287 865 3338 4
902 3285 959 3339 F.

378 3376 755 3445 corpusculum
796 3374 880 3439 90,
916 3374 978 3427 17
1018 3376 1100 3439 Μ;
1139 3376 1225 3440 91,
1265 3376 1330 3429 27
1370 3376 1442 3429 Μ.

378 3465 642 3519 domnula
678 3465 763 3529 83,
804 3466 836 3518 3
864 3465 950 3528 .Μ;
997 3465 1117 3529 223,
1158 3465 1190 3516 6
1227 3464 1299 3517 Μ.

377 3554 645 3609 febricula
682 3554 766 3619 72,
806 3555 838 3607 8
876 3554 958 3618 Μ;
997 3555 1083 3618 92,
1110 3553 1155 3608 78
1192 3554 1264 3607 M.

376 3643 576 3697 filiolus
620 3644 735 3709 101,
780 3643 844 3696 19
879 3643 952 3697 Μ.

375 3733 548 3786 filiola
584 3734 669 3798 91,
713 3732 776 3785 12
814 3732 886 3785 M.

376 3821 587 3875 foculus
631 3822 746 3885 133,
787 3823 816 3874 7
856 3820 914 3874 F.

376 3911 667 3965 formicula
708 3911 825 3976 137,
866 3912 898 3964 3
934 3910 991 3964 F.

375 4000 660 4054 fornacula
697 4000 745 4065 7,
787 4003 819 4053 6
856 3999 914 4052 F.

375 4090 658 4158 gemmula
693 4090 777 4154 65,
816 4091 847 4143 9
886 4089 943 4142 F.

376 4178 601 4233 hastula
640 4178 757 4243 158,
797 4179 865 4231 22
903 4178 961 4231 F.

375 4266 722 4321 holusculum
760 4269 882 4333 225,
922 4269 985 4321 21
1027 4267 1084 4320 F.

374 4355 626 4410 hortulus
665 4358 713 4422 7,
758 4359 821 4411 16
857 4357 915 4411 F.

1555 2734 1820 2788 labellum
1864 2733 1979 2798 156,
2026 2733 2090 2786 16
2127 2733 2185 2788 F.

1553 2824 1813 2878 lecticula
1849 2823 1934 2887 65,
1982 2824 2185 2876 18-19
2221 2823 2280 2877 Ε.

1448 2958 1455 2965 ,
1552 2913 1790 2966 lectulus
1829 2914 1912 2977 56,
1951 2912 2021 2966 23
2058 2912 2126 2976 Ε;
2179 2913 2263 2976 89,
2305 2912 2368 2965 21
2410 2911 2479 2975 Ε;
2537 2913 2621 2978 91,

1668 3004 1730 3055 18
1767 3002 1836 3066 F;
1874 3002 1961 3066 45,
2002 3002 2035 3053 3
2072 3001 2153 3064 M;
2192 3000 2277 3065 68,
2324 3000 2381 3053 11
2422 3001 2495 3054 M.

1551 3092 1773 3145 libellus
1812 3092 1898 3155 83,
1937 3092 2005 3143 20
2044 3088 2112 3153 F;
2167 3089 2281 3153 190,
2327 3091 2388 3143 10
2426 3090 2495 3153 F;
2537 3093 2621 3155 55,

1666 3181 1729 3233 16
1756 3180 1841 3244 M;
1882 3176 2020 3243 568
2046 3178 2128 3242 M;
2167 3178 2348 3241 87,17
2377 3179 2460 3242 M;
2505 3179 2622 3244 116,

1660 3270 1693 3321 2
1730 3268 1797 3322 v.

1551 3374 1807 3428 litterula
1843 3375 1927 3438 43,
1967 3375 2001 3426 4
2037 3373 2094 3427 F.

1550 3462 2032 3517 lucubratiuncula
2068 3463 2119 3527 9,
2158 3463 2190 3515 9
2227 3463 2299 3516 Μ.

1551 3552 1828 3605 marculus
1866 3551 1953 3615 65,
1993 3552 2026 3604 8
2063 3551 2120 3604 F.

1552 3641 1859 3694 matercula
1896 3642 1980 3705 70,
2019 3641 2052 3693 2
2088 3641 2161 3694 Μ.

1551 3730 1805 3784 mensula
1841 3729 1925 3794 74,
1970 3730 2034 3783 19
2071 3730 2128 3783 Ε.

1550 3818 1759 3872 micula
1795 3818 1881 3883 88,
1921 3818 1954 3870 4
1991 3818 2049 3871 F.

1551 3908 1829 3961 musculus
1867 3908 1952 3973 24,
1992 3907 2021 3958 7
2062 3906 2120 3960 F.

1549 3996 1817 4051 naevulus
1855 3997 1941 4061 98,
1987 3995 2050 4049 18
2086 3995 2144 4047 Ε.

1550 4085 1775 4140 nidulus
1813 4088 1898 4151 94,
1942 4086 2003 4138 17
2031 4084 2115 4137 Μ.

1551 4175 1900 4229 oratiuncula
1939 4175 2023 4238 34,
2070 4175 2131 4225 15
2170 4173 2250 4237 M;
2291 4173 2376 4238 76,
2416 4175 2449 4227 8
2486 4175 2558 4228 Μ.

1550 4265 1807 4333 parmula
1849 4264 1963 4328 158,
2003 4264 2068 4315 21
2109 4262 2166 4315 F.
2207 4262 2286 4329 (in
2324 4281 2483 4333 marg

1549 4354 1826 4423 particula
1869 4354 1949 4418 18,
1983 4352 2192 4406 13—14
2226 4351 2297 4418 F3
2335 4353 2422 4418 32,
2456 4353 2520 4407 18
2556 4353 2614 4406 F.
