<?xml version="1.0" encoding="UTF-8"?>
<!DOCTYPE html PUBLIC "-//W3C//DTD XHTML 1.0 Transitional//EN"
    "http://www.w3.org/TR/xhtml1/DTD/xhtml1-transitional.dtd">
<html xmlns="http://www.w3.org/1999/xhtml" xml:lang="en" lang="en">
 <head>
  <title>
</title>
<meta http-equiv="Content-Type" content="text/html;charset=utf-8" />
  <meta name='ocr-system' content='tesseract 3.04.00' />
  <meta name='ocr-capabilities' content='ocr_page ocr_carea ocr_par ocr_line ocrx_word'/>
</head>
<body>
  <div class='ocr_page' id='page_1' title='image "./frontoniana00bresgoog_0018.png"; bbox 0 0 3140 5014; ppageno 0'>
   <div class='ocr_carea' id='block_1_1' title="bbox 1559 331 1642 394">
    <p class='ocr_par' dir='ltr' id='par_1_1' title="bbox 1559 331 1642 394">
     <span class='ocr_line' id='line_1_1' title="bbox 1559 331 1642 394; baseline 0.012 -1"><span class='ocrx_word' id='word_1_1' title='bbox 1559 331 1642 394; x_wconf 90' lang='grc'>10</span> 
     </span>
    </p>
   </div>
   <div class='ocr_carea' id='block_1_2' title="bbox 1380 420 1807 429">
    <p class='ocr_par' dir='ltr' id='par_1_2' title="bbox 1380 420 1807 429">
     <span class='ocr_line' id='line_1_2' title="bbox 1380 420 1807 429; baseline 0 4585"><span class='ocrx_word' id='word_1_2' title='bbox 1380 420 1807 429; x_wconf 95' lang='lat' dir='ltr'> </span> 
     </span>
    </p>
   </div>
   <div class='ocr_carea' id='block_1_3' title="bbox 477 526 2718 3819">
    <p class='ocr_par' dir='ltr' id='par_1_3' title="bbox 481 526 2718 827">
     <span class='ocr_line' id='line_1_3' title="bbox 485 526 2718 612; baseline -0.002 -20"><span class='ocrx_word' id='word_1_3' title='bbox 485 540 708 612; x_wconf 86' lang='lat' dir='ltr'>putare</span> <span class='ocrx_word' id='word_1_4' title='bbox 754 527 1052 592; x_wconf 90' lang='lat' dir='ltr'>Catonem</span> <span class='ocrx_word' id='word_1_5' title='bbox 1102 527 1242 591; x_wconf 89' lang='lat' dir='ltr'>ideo</span> <span class='ocrx_word' id='word_1_6' title='bbox 1291 526 1581 590; x_wconf 88' lang='lat' dir='ltr'>omnium</span> <span class='ocrx_word' id='word_1_7' title='bbox 1626 526 1903 610; x_wconf 90' lang='lat' dir='ltr'>primum</span> <span class='ocrx_word' id='word_1_8' title='bbox 1949 527 2124 609; x_wconf 92' lang='lat' dir='ltr'>poni,</span> <span class='ocrx_word' id='word_1_9' title='bbox 2174 526 2345 609; x_wconf 90' lang='lat' dir='ltr'>quod</span> <span class='ocrx_word' id='word_1_10' title='bbox 2393 528 2599 591; x_wconf 88' lang='lat' dir='ltr'>aetate</span> <span class='ocrx_word' id='word_1_11' title='bbox 2634 526 2718 590; x_wconf 90' lang='lat' dir='ltr'>sit</span> 
     </span>
     <span class='ocr_line' id='line_1_4' title="bbox 483 633 2715 718; baseline -0 -20"><span class='ocrx_word' id='word_1_12' title='bbox 483 636 742 718; x_wconf 66' lang='lat' dir='ltr'>primm,</span> <span class='ocrx_word' id='word_1_13' title='bbox 793 658 943 698; x_wconf 89' lang='lat' dir='ltr'>nam</span> <span class='ocrx_word' id='word_1_14' title='bbox 988 635 1291 717; x_wconf 87' lang='lat' dir='ltr'>temporis</span> <span class='ocrx_word' id='word_1_15' title='bbox 1337 634 1624 698; x_wconf 85' lang='lat' dir='ltr'>ordinem</span> <span class='ocrx_word' id='word_1_16' title='bbox 1667 634 1734 697; x_wconf 91' lang='lat' dir='ltr'>in</span> <span class='ocrx_word' id='word_1_17' title='bbox 1783 634 1868 698; x_wconf 89' lang='lat' dir='ltr'>eis</span> <span class='ocrx_word' id='word_1_18' title='bbox 1907 633 2485 699; x_wconf 71' lang='lat' dir='ltr'>enumerationibus</span> <span class='ocrx_word' id='word_1_19' title='bbox 2530 655 2715 716; x_wconf 83' lang='lat' dir='ltr'>saepe</span> 
     </span>
     <span class='ocr_line' id='line_1_5' title="bbox 481 741 1075 827; baseline 0.003 -21"><span class='ocrx_word' id='word_1_20' title='bbox 481 744 838 827; x_wconf 83' lang='lat' dir='ltr'>neglectum</span> <span class='ocrx_word' id='word_1_21' title='bbox 886 741 1075 808; x_wconf 76' lang='lat' dir='ltr'>vides,</span> 
     </span>
    </p>

    <p class='ocr_par' dir='ltr' id='par_1_4' title="bbox 477 846 2716 2208">
     <span class='ocr_line' id='line_1_6' title="bbox 616 846 2714 926; baseline 0 -14"><span class='ocrx_word' id='word_1_22' title='bbox 616 848 1194 915; x_wconf 87' lang='lat' dir='ltr'>Excellentissimus</span> <span class='ocrx_word' id='word_1_23' title='bbox 1266 850 1482 912; x_wconf 88' lang='lat' dir='ltr'>autem</span> <span class='ocrx_word' id='word_1_24' title='bbox 1547 846 1806 911; x_wconf 88' lang='lat' dir='ltr'>Catonis</span> <span class='ocrx_word' id='word_1_25' title='bbox 1868 849 2142 912; x_wconf 88' lang='lat' dir='ltr'>sectator</span> <span class='ocrx_word' id='word_1_26' title='bbox 2207 851 2300 912; x_wconf 89' lang='lat' dir='ltr'>est</span> <span class='ocrx_word' id='word_1_27' title='bbox 2363 846 2714 926; x_wconf 76' lang='lat' dir='ltr'>SallustiuS,</span> 
     </span>
     <span class='ocr_line' id='line_1_7' title="bbox 482 953 2714 1038; baseline -0.001 -19"><span class='ocrx_word' id='word_1_28' title='bbox 482 956 774 1020; x_wconf 88' lang='lat' dir='ltr'>videlicet</span> <span class='ocrx_word' id='word_1_29' title='bbox 836 956 985 1038; x_wconf 91' lang='lat' dir='ltr'>quia</span> <span class='ocrx_word' id='word_1_30' title='bbox 1032 954 1220 1019; x_wconf 84' lang='lat' dir='ltr'>verba</span> <span class='ocrx_word' id='word_1_31' title='bbox 1283 953 1362 1018; x_wconf 90' lang='lat' dir='ltr'>ad</span> <span class='ocrx_word' id='word_1_32' title='bbox 1429 976 1525 1018; x_wconf 91' lang='lat' dir='ltr'>res</span> <span class='ocrx_word' id='word_1_33' title='bbox 1587 953 1993 1018; x_wconf 87' lang='lat' dir='ltr'>illustrandas</span> <span class='ocrx_word' id='word_1_34' title='bbox 2058 977 2090 1018; x_wconf 91' lang='lat' dir='ltr'>e</span> <span class='ocrx_word' id='word_1_35' title='bbox 2138 953 2377 1019; x_wconf 87' lang='lat' dir='ltr'>Catone</span> <span class='ocrx_word' id='word_1_36' title='bbox 2439 954 2714 1019; x_wconf 90' lang='lat' dir='ltr'>studiose</span> 
     </span>
     <span class='ocr_line' id='line_1_8' title="bbox 481 1059 2713 1146; baseline 0 -20"><span class='ocrx_word' id='word_1_37' title='bbox 481 1062 863 1145; x_wconf 77' lang='lat' dir='ltr'><strong>conquisivit</strong></span> <span class='ocrx_word' id='word_1_38' title='bbox 898 1063 1115 1144; x_wconf 89' lang='lat' dir='ltr'>itaque</span> <span class='ocrx_word' id='word_1_39' title='bbox 1153 1061 1369 1124; x_wconf 90' lang='lat' dir='ltr'>stilum</span> <span class='ocrx_word' id='word_1_40' title='bbox 1409 1059 1837 1125; x_wconf 88' lang='lat' dir='ltr'>Catonianum</span> <span class='ocrx_word' id='word_1_41' title='bbox 1875 1060 2352 1146; x_wconf 85' lang='lat' dir='ltr'>diligentissime</span> <span class='ocrx_word' id='word_1_42' title='bbox 2391 1062 2713 1144; x_wconf 70' lang='lat' dir='ltr'>expressit.</span> 
     </span>
     <span class='ocr_line' id='line_1_9' title="bbox 481 1166 2715 1252; baseline -0.002 -18"><span class='ocrx_word' id='word_1_43' title='bbox 481 1170 562 1235; x_wconf 85' lang='lat' dir='ltr'>cf.</span> <span class='ocrx_word' id='word_1_44' title='bbox 612 1193 673 1252; x_wconf 87' lang='lat' dir='ltr'>p.</span> <span class='ocrx_word' id='word_1_45' title='bbox 725 1171 828 1246; x_wconf 84' lang='grc'>62,</span> <span class='ocrx_word' id='word_1_46' title='bbox 884 1170 962 1233; x_wconf 85' lang='grc'>17</span> <span class='ocrx_word' id='word_1_47' title='bbox 1024 1167 1128 1231; x_wconf 78' lang='lat' dir='ltr'>‘M.</span> <span class='ocrx_word' id='word_1_48' title='bbox 1181 1168 1436 1232; x_wconf 90' lang='lat' dir='ltr'>Porcius</span> <span class='ocrx_word' id='word_1_49' title='bbox 1499 1168 1753 1250; x_wconf 89' lang='lat' dir='ltr'>eiusque</span> <span class='ocrx_word' id='word_1_50' title='bbox 1800 1168 2096 1251; x_wconf 87' lang='lat' dir='ltr'>frequens</span> <span class='ocrx_word' id='word_1_51' title='bbox 2140 1171 2416 1232; x_wconf 88' lang='lat' dir='ltr'>sectator</span> <span class='ocrx_word' id='word_1_52' title='bbox 2462 1166 2527 1234; x_wconf 91' lang='lat' dir='ltr'>C.</span> <span class='ocrx_word' id='word_1_53' title='bbox 2578 1167 2715 1233; x_wconf 86' lang='lat' dir='ltr'>Sal-</span> 
     </span>
     <span class='ocr_line' id='line_1_10' title="bbox 478 1273 2715 1358; baseline -0.002 -17"><span class='ocrx_word' id='word_1_54' title='bbox 478 1277 738 1342; x_wconf 58' lang='lat' dir='ltr'>lustius?</span> <span class='ocrx_word' id='word_1_55' title='bbox 850 1275 1059 1351; x_wconf 84' lang='lat' dir='ltr'>Quare</span> <span class='ocrx_word' id='word_1_56' title='bbox 1123 1277 1610 1338; x_wconf 89' lang='lat' dir='ltr'>consentaneum</span> <span class='ocrx_word' id='word_1_57' title='bbox 1685 1278 1796 1351; x_wconf 89' lang='lat' dir='ltr'>est,</span> <span class='ocrx_word' id='word_1_58' title='bbox 1892 1275 2062 1358; x_wconf 90' lang='lat' dir='ltr'>quod</span> <span class='ocrx_word' id='word_1_59' title='bbox 2124 1273 2364 1338; x_wconf 89' lang='lat' dir='ltr'>Fronto</span> <span class='ocrx_word' id='word_1_60' title='bbox 2429 1274 2715 1338; x_wconf 89' lang='lat' dir='ltr'>Marcum</span> 
     </span>
     <span class='ocr_line' id='line_1_11' title="bbox 480 1380 2715 1465; baseline -0.001 -18"><span class='ocrx_word' id='word_1_61' title='bbox 480 1384 869 1459; x_wconf 76' lang='lat' dir='ltr'>cohortatur,</span> <span class='ocrx_word' id='word_1_62' title='bbox 901 1384 974 1445; x_wconf 90' lang='lat' dir='ltr'>ut</span> <span class='ocrx_word' id='word_1_63' title='bbox 1000 1382 1063 1445; x_wconf 91' lang='lat' dir='ltr'>in</span> <span class='ocrx_word' id='word_1_64' title='bbox 1109 1380 1503 1445; x_wconf 90' lang='lat' dir='ltr'>orationibus</span> <span class='ocrx_word' id='word_1_65' title='bbox 1533 1381 1995 1445; x_wconf 90' lang='lat' dir='ltr'>conscribendis</span> <span class='ocrx_word' id='word_1_66' title='bbox 2025 1381 2307 1446; x_wconf 82' lang='lat' dir='ltr'>Sallustii</span> <span class='ocrx_word' id='word_1_67' title='bbox 2334 1380 2715 1465; x_wconf 88' lang='lat' dir='ltr'>Iugurtham</span> 
     </span>
     <span class='ocr_line' id='line_1_12' title="bbox 480 1486 2710 1574; baseline -0.002 -21"><span class='ocrx_word' id='word_1_68' title='bbox 480 1490 879 1574; x_wconf 90' lang='lat' dir='ltr'>potissimum</span> <span class='ocrx_word' id='word_1_69' title='bbox 927 1493 990 1552; x_wconf 89' lang='lat' dir='ltr'>et</span> <span class='ocrx_word' id='word_1_70' title='bbox 1037 1487 1380 1552; x_wconf 86' lang='lat' dir='ltr'>Catilinam</span> <span class='ocrx_word' id='word_1_71' title='bbox 1425 1488 1797 1554; x_wconf 88' lang='lat' dir='ltr'>aemuletur.</span> <span class='ocrx_word' id='word_1_72' title='bbox 1813 1487 1863 1570; x_wconf 92' lang='lat'>1)</span> <span class='ocrx_word' id='word_1_73' title='bbox 1910 1487 1987 1553; x_wconf 85' lang='lat' dir='ltr'>cf.</span> <span class='ocrx_word' id='word_1_74' title='bbox 2034 1511 2094 1572; x_wconf 89' lang='lat' dir='ltr'>p.</span> <span class='ocrx_word' id='word_1_75' title='bbox 2142 1488 2247 1564; x_wconf 83' lang='lat'>49,</span> <span class='ocrx_word' id='word_1_76' title='bbox 2301 1489 2491 1552; x_wconf 83' lang='lat'>1—3.</span> <span class='ocrx_word' id='word_1_77' title='bbox 2577 1486 2710 1551; x_wconf 88' lang='lat' dir='ltr'>Iam</span> 
     </span>
     <span class='ocr_line' id='line_1_13' title="bbox 477 1592 2715 1678; baseline -0.002 -17"><span class='ocrx_word' id='word_1_78' title='bbox 477 1597 669 1661; x_wconf 88' lang='lat' dir='ltr'>tertio</span> <span class='ocrx_word' id='word_1_79' title='bbox 726 1597 861 1660; x_wconf 93' lang='lat' dir='ltr'>loco</span> <span class='ocrx_word' id='word_1_80' title='bbox 918 1595 959 1658; x_wconf 91' lang='lat' dir='ltr'>i.</span> <span class='ocrx_word' id='word_1_81' title='bbox 1010 1617 1061 1660; x_wconf 92' lang='lat' dir='ltr'>e.</span> <span class='ocrx_word' id='word_1_82' title='bbox 1121 1598 1264 1678; x_wconf 92' lang='lat' dir='ltr'>post</span> <span class='ocrx_word' id='word_1_83' title='bbox 1319 1594 1620 1660; x_wconf 85' lang='lat' dir='ltr'>Catonem</span> <span class='ocrx_word' id='word_1_84' title='bbox 1688 1597 1751 1658; x_wconf 93' lang='lat' dir='ltr'>et</span> <span class='ocrx_word' id='word_1_85' title='bbox 1817 1592 2180 1659; x_wconf 84' lang='lat' dir='ltr'>Sallustium</span> <span class='ocrx_word' id='word_1_86' title='bbox 2242 1617 2316 1658; x_wconf 87' lang='lat' dir='ltr'>ex</span> <span class='ocrx_word' id='word_1_87' title='bbox 2373 1593 2715 1658; x_wconf 82' lang='lat' dir='ltr'>Frontonis</span> 
     </span>
     <span class='ocr_line' id='line_1_14' title="bbox 482 1700 2716 1785; baseline -0.001 -19"><span class='ocrx_word' id='word_1_88' title='bbox 482 1703 713 1767; x_wconf 88' lang='lat' dir='ltr'>iudicio</span> <span class='ocrx_word' id='word_1_89' title='bbox 779 1702 1112 1785; x_wconf 90' lang='lat' dir='ltr'>ponendus</span> <span class='ocrx_word' id='word_1_90' title='bbox 1174 1704 1267 1766; x_wconf 93' lang='lat' dir='ltr'>est</span> <span class='ocrx_word' id='word_1_91' title='bbox 1321 1700 1385 1766; x_wconf 91' lang='lat' dir='ltr'>C.</span> <span class='ocrx_word' id='word_1_92' title='bbox 1493 1700 1899 1783; x_wconf 82' lang='lat' dir='ltr'>Sempronius</span> <span class='ocrx_word' id='word_1_93' title='bbox 1963 1701 2298 1768; x_wconf 79' lang='lat' dir='ltr'>Gracchus,</span> <span class='ocrx_word' id='word_1_94' title='bbox 2390 1700 2476 1764; x_wconf 91' lang='lat' dir='ltr'>Hi</span> <span class='ocrx_word' id='word_1_95' title='bbox 2533 1721 2716 1784; x_wconf 89' lang='lat' dir='ltr'>prae·</span> 
     </span>
     <span class='ocr_line' id='line_1_15' title="bbox 481 1808 2711 1893; baseline -0.001 -20"><span class='ocrx_word' id='word_1_96' title='bbox 481 1810 661 1893; x_wconf 87' lang='lat' dir='ltr'>cipue</span> <span class='ocrx_word' id='word_1_97' title='bbox 709 1809 889 1892; x_wconf 85' lang='lat' dir='ltr'>quasi</span> <span class='ocrx_word' id='word_1_98' title='bbox 935 1808 1194 1891; x_wconf 90' lang='lat' dir='ltr'>quidam</span> <span class='ocrx_word' id='word_1_99' title='bbox 1240 1808 1640 1890; x_wconf 82' lang='lat' dir='ltr'>eloquentiae</span> <span class='ocrx_word' id='word_1_100' title='bbox 1688 1808 2086 1872; x_wconf 81' lang='lat' dir='ltr'>renovandae</span> <span class='ocrx_word' id='word_1_101' title='bbox 2132 1808 2450 1872; x_wconf 84' lang='lat' dir='ltr'>triumviri</span> <span class='ocrx_word' id='word_1_102' title='bbox 2498 1829 2711 1871; x_wconf 86' lang='lat' dir='ltr'>aemu-</span> 
     </span>
     <span class='ocr_line' id='line_1_16' title="bbox 482 1914 2713 1998; baseline -0.001 -19"><span class='ocrx_word' id='word_1_103' title='bbox 482 1917 721 1981; x_wconf 87' lang='lat' dir='ltr'>latione</span> <span class='ocrx_word' id='word_1_104' title='bbox 819 1915 1114 1997; x_wconf 83' lang='lat' dir='ltr'>perdigni</span> <span class='ocrx_word' id='word_1_105' title='bbox 1206 1914 1668 1991; x_wconf 82' lang='lat' dir='ltr'>existimantur,</span> <span class='ocrx_word' id='word_1_106' title='bbox 1761 1937 2104 1998; x_wconf 88' lang='lat' dir='ltr'>eorumque</span> <span class='ocrx_word' id='word_1_107' title='bbox 2189 1914 2487 1979; x_wconf 87' lang='lat' dir='ltr'>facundia</span> <span class='ocrx_word' id='word_1_108' title='bbox 2570 1935 2713 1978; x_wconf 88' lang='lat' dir='ltr'>cum</span> 
     </span>
     <span class='ocr_line' id='line_1_17' title="bbox 479 2021 2711 2106; baseline -0 -19"><span class='ocrx_word' id='word_1_109' title='bbox 479 2022 778 2087; x_wconf 86' lang='lat' dir='ltr'>tubarum</span> <span class='ocrx_word' id='word_1_110' title='bbox 835 2021 1133 2106; x_wconf 86' lang='lat' dir='ltr'>clangore</span> <span class='ocrx_word' id='word_1_111' title='bbox 1195 2043 1421 2085; x_wconf 90' lang='lat' dir='ltr'>sonoro</span> <span class='ocrx_word' id='word_1_112' title='bbox 1494 2025 1917 2104; x_wconf 89' lang='lat' dir='ltr'>comparatur.</span> <span class='ocrx_word' id='word_1_113' title='bbox 2002 2021 2080 2087; x_wconf 91' lang='lat' dir='ltr'>cf.</span> <span class='ocrx_word' id='word_1_114' title='bbox 2146 2045 2207 2104; x_wconf 91' lang='lat' dir='ltr'>p.</span> <span class='ocrx_word' id='word_1_115' title='bbox 2275 2021 2379 2099; x_wconf 80' lang='lat'>54,</span> <span class='ocrx_word' id='word_1_116' title='bbox 2435 2021 2711 2086; x_wconf 83' lang='lat'>17—18.</span> 
     </span>
     <span class='ocr_line' id='line_1_18' title="bbox 485 2131 784 2208; baseline -0.007 -13"><span class='ocrx_word' id='word_1_117' title='bbox 485 2131 630 2208; x_wconf 87' lang='lat'>149,</span> <span class='ocrx_word' id='word_1_118' title='bbox 680 2131 784 2194; x_wconf 80' lang='lat'>21.</span> 
     </span>
    </p>

    <p class='ocr_par' dir='ltr' id='par_1_5' title="bbox 481 2234 2714 2643">
     <span class='ocr_line' id='line_1_19' title="bbox 614 2234 2714 2319; baseline -0.001 -20"><span class='ocrx_word' id='word_1_119' title='bbox 614 2234 796 2311; x_wconf 89' lang='lat' dir='ltr'>Quod</span> <span class='ocrx_word' id='word_1_120' title='bbox 844 2236 1190 2318; x_wconf 89' lang='lat' dir='ltr'>posteriore</span> <span class='ocrx_word' id='word_1_121' title='bbox 1239 2236 1377 2300; x_wconf 93' lang='lat' dir='ltr'>loco</span> <span class='ocrx_word' id='word_1_122' title='bbox 1408 2234 1726 2299; x_wconf 85' lang='lat' dir='ltr'>Ciceronis</span> <span class='ocrx_word' id='word_1_123' title='bbox 1771 2257 2021 2319; x_wconf 88' lang='lat' dir='ltr'>quoqne</span> <span class='ocrx_word' id='word_1_124' title='bbox 2062 2237 2376 2300; x_wconf 91' lang='lat' dir='ltr'>orationes</span> <span class='ocrx_word' id='word_1_125' title='bbox 2412 2235 2714 2299; x_wconf 88' lang='lat' dir='ltr'>tubarum</span> 
     </span>
     <span class='ocr_line' id='line_1_20' title="bbox 485 2344 2709 2429; baseline -0.001 -19"><span class='ocrx_word' id='word_1_126' title='bbox 485 2345 671 2410; x_wconf 88' lang='lat' dir='ltr'>modo</span> <span class='ocrx_word' id='word_1_127' title='bbox 699 2366 1015 2410; x_wconf 84' lang='lat' dir='ltr'>resonasse</span> <span class='ocrx_word' id='word_1_128' title='bbox 1043 2345 1473 2429; x_wconf 86' lang='lat' dir='ltr'>perhibentur,</span> <span class='ocrx_word' id='word_1_129' title='bbox 1507 2344 1653 2408; x_wconf 89' lang='lat' dir='ltr'>inde</span> <span class='ocrx_word' id='word_1_130' title='bbox 1682 2345 1972 2409; x_wconf 88' lang='lat' dir='ltr'>concludi</span> <span class='ocrx_word' id='word_1_131' title='bbox 2000 2368 2132 2409; x_wconf 89' lang='lat' dir='ltr'>non</span> <span class='ocrx_word' id='word_1_132' title='bbox 2151 2367 2327 2429; x_wconf 89' lang='lat' dir='ltr'>posse</span> <span class='ocrx_word' id='word_1_133' title='bbox 2348 2344 2709 2409; x_wconf 87' lang='lat' dir='ltr'>Ciceronem</span> 
     </span>
     <span class='ocr_line' id='line_1_21' title="bbox 482 2451 2713 2535; baseline -0.001 -18"><span class='ocrx_word' id='word_1_134' title='bbox 482 2475 520 2517; x_wconf 90' lang='lat' dir='ltr'>a</span> <span class='ocrx_word' id='word_1_135' title='bbox 567 2451 889 2517; x_wconf 87' lang='lat' dir='ltr'>Frontone</span> <span class='ocrx_word' id='word_1_136' title='bbox 936 2473 1134 2535; x_wconf 87' lang='lat' dir='ltr'>aeque</span> <span class='ocrx_word' id='word_1_137' title='bbox 1181 2451 1500 2517; x_wconf 89' lang='lat' dir='ltr'>aestimari</span> <span class='ocrx_word' id='word_1_138' title='bbox 1548 2454 1622 2516; x_wconf 87' lang='lat' dir='ltr'>ut</span> <span class='ocrx_word' id='word_1_139' title='bbox 1677 2451 1984 2517; x_wconf 90' lang='lat' dir='ltr'>Catonem</span> <span class='ocrx_word' id='word_1_140' title='bbox 2050 2453 2146 2516; x_wconf 87' lang='lat' dir='ltr'>vel</span> <span class='ocrx_word' id='word_1_141' title='bbox 2209 2452 2568 2517; x_wconf 85' lang='lat' dir='ltr'>Gracchum</span> <span class='ocrx_word' id='word_1_142' title='bbox 2618 2451 2713 2516; x_wconf 88' lang='lat' dir='ltr'>vel</span> 
     </span>
     <span class='ocr_line' id='line_1_22' title="bbox 481 2558 2709 2643; baseline -0.002 -18"><span class='ocrx_word' id='word_1_143' title='bbox 481 2560 847 2626; x_wconf 89' lang='lat' dir='ltr'>Sallustium</span> <span class='ocrx_word' id='word_1_144' title='bbox 899 2563 1117 2643; x_wconf 89' lang='lat' dir='ltr'>postea</span> <span class='ocrx_word' id='word_1_145' title='bbox 1164 2560 1625 2643; x_wconf 77' lang='lat' dir='ltr'>intellegemus,</span> <span class='ocrx_word' id='word_1_146' title='bbox 1675 2559 1755 2625; x_wconf 90' lang='lat' dir='ltr'>cf.</span> <span class='ocrx_word' id='word_1_147' title='bbox 1806 2581 1967 2643; x_wconf 85' lang='lat' dir='ltr'>quae</span> <span class='ocrx_word' id='word_1_148' title='bbox 2015 2559 2288 2623; x_wconf 90' lang='lat' dir='ltr'>dicemus</span> <span class='ocrx_word' id='word_1_149' title='bbox 2338 2582 2395 2641; x_wconf 88' lang='lat' dir='ltr'>p.</span> <span class='ocrx_word' id='word_1_150' title='bbox 2432 2561 2517 2623; x_wconf 82' lang='lat'>29</span> <span class='ocrx_word' id='word_1_151' title='bbox 2549 2558 2709 2622; x_wconf 89' lang='lat' dir='ltr'>med.</span> 
     </span>
    </p>

    <p class='ocr_par' dir='ltr' id='par_1_6' title="bbox 481 2664 2715 3819">
     <span class='ocr_line' id='line_1_23' title="bbox 617 2664 2711 2749; baseline -0.002 -17"><span class='ocrx_word' id='word_1_152' title='bbox 617 2666 735 2732; x_wconf 90' lang='lat' dir='ltr'>Sed</span> <span class='ocrx_word' id='word_1_153' title='bbox 768 2668 893 2730; x_wconf 91' lang='lat' dir='ltr'>iam</span> <span class='ocrx_word' id='word_1_154' title='bbox 931 2671 1322 2730; x_wconf 87' lang='lat' dir='ltr'>revertamur</span> <span class='ocrx_word' id='word_1_155' title='bbox 1350 2666 1426 2729; x_wconf 85' lang='lat' dir='ltr'>ad</span> <span class='ocrx_word' id='word_1_156' title='bbox 1460 2664 1719 2730; x_wconf 83' lang='lat' dir='ltr'>Catonis</span> <span class='ocrx_word' id='word_1_157' title='bbox 1747 2665 1941 2729; x_wconf 88' lang='lat' dir='ltr'>solius</span> <span class='ocrx_word' id='word_1_158' title='bbox 1972 2666 2186 2730; x_wconf 86' lang='lat' dir='ltr'>laudes</span> <span class='ocrx_word' id='word_1_159' title='bbox 2213 2664 2711 2749; x_wconf 78' lang='lat' dir='ltr'>pertractandaS,</span> 
     </span>
     <span class='ocr_line' id='line_1_24' title="bbox 483 2771 2713 2857; baseline -0.001 -19"><span class='ocrx_word' id='word_1_160' title='bbox 483 2774 650 2838; x_wconf 91' lang='lat' dir='ltr'>unde</span> <span class='ocrx_word' id='word_1_161' title='bbox 699 2774 1135 2857; x_wconf 90' lang='lat' dir='ltr'>quaestionem</span> <span class='ocrx_word' id='word_1_162' title='bbox 1184 2773 1564 2838; x_wconf 82' lang='lat' dir='ltr'>defleximus,</span> <span class='ocrx_word' id='word_1_163' title='bbox 1667 2773 1982 2849; x_wconf 79' lang='lat' dir='ltr'>Quoniam</span> <span class='ocrx_word' id='word_1_164' title='bbox 2035 2773 2236 2857; x_wconf 87' lang='lat' dir='ltr'>igitur</span> <span class='ocrx_word' id='word_1_165' title='bbox 2292 2771 2449 2836; x_wconf 91' lang='lat' dir='ltr'>Cato</span> <span class='ocrx_word' id='word_1_166' title='bbox 2508 2771 2713 2835; x_wconf 89' lang='lat' dir='ltr'>Fron-</span> 
     </span>
     <span class='ocr_line' id='line_1_25' title="bbox 482 2879 2713 2963; baseline -0.001 -20"><span class='ocrx_word' id='word_1_167' title='bbox 482 2881 650 2946; x_wconf 89' lang='lat' dir='ltr'>tonis</span> <span class='ocrx_word' id='word_1_168' title='bbox 697 2881 994 2963; x_wconf 91' lang='lat' dir='ltr'>opinione</span> <span class='ocrx_word' id='word_1_169' title='bbox 1041 2884 1135 2945; x_wconf 87' lang='lat' dir='ltr'>est</span> <span class='ocrx_word' id='word_1_170' title='bbox 1180 2882 1395 2944; x_wconf 90' lang='lat' dir='ltr'>orator</span> <span class='ocrx_word' id='word_1_171' title='bbox 1424 2879 2015 2963; x_wconf 79' lang='lat' dir='ltr'>praestantissimUS,</span> <span class='ocrx_word' id='word_1_172' title='bbox 2066 2901 2194 2942; x_wconf 91' lang='lat' dir='ltr'>non</span> <span class='ocrx_word' id='word_1_173' title='bbox 2227 2880 2533 2944; x_wconf 89' lang='lat' dir='ltr'>miramur</span> <span class='ocrx_word' id='word_1_174' title='bbox 2571 2899 2713 2942; x_wconf 91' lang='lat' dir='ltr'>eum</span> 
     </span>
     <span class='ocr_line' id='line_1_26' title="bbox 481 2986 2712 3072; baseline -0.001 -21"><span class='ocrx_word' id='word_1_175' title='bbox 481 2987 790 3071; x_wconf 87' lang='lat' dir='ltr'>imprimis</span> <span class='ocrx_word' id='word_1_176' title='bbox 855 2987 1110 3072; x_wconf 89' lang='lat' dir='ltr'>eiusque</span> <span class='ocrx_word' id='word_1_177' title='bbox 1165 2988 1447 3051; x_wconf 89' lang='lat' dir='ltr'>aemulos</span> <span class='ocrx_word' id='word_1_178' title='bbox 1504 3008 1648 3051; x_wconf 89' lang='lat' dir='ltr'>cum</span> <span class='ocrx_word' id='word_1_179' title='bbox 1713 3010 1750 3051; x_wconf 90' lang='lat' dir='ltr'>a</span> <span class='ocrx_word' id='word_1_180' title='bbox 1807 2986 2132 3050; x_wconf 85' lang='lat' dir='ltr'>Frontone</span> <span class='ocrx_word' id='word_1_181' title='bbox 2187 2987 2324 3068; x_wconf 90' lang='lat' dir='ltr'>ipso</span> <span class='ocrx_word' id='word_1_182' title='bbox 2371 2986 2517 3069; x_wconf 91' lang='lat' dir='ltr'>legi,</span> <span class='ocrx_word' id='word_1_183' title='bbox 2575 2990 2712 3049; x_wconf 90' lang='lat' dir='ltr'>tum</span> 
     </span>
     <span class='ocr_line' id='line_1_27' title="bbox 485 3090 2711 3176; baseline 0 -19"><span class='ocrx_word' id='word_1_184' title='bbox 485 3095 757 3158; x_wconf 90' lang='lat' dir='ltr'>alumnis</span> <span class='ocrx_word' id='word_1_185' title='bbox 823 3094 902 3157; x_wconf 90' lang='lat' dir='ltr'>ad</span> <span class='ocrx_word' id='word_1_186' title='bbox 984 3094 1399 3158; x_wconf 88' lang='lat' dir='ltr'>lectitandum</span> <span class='ocrx_word' id='word_1_187' title='bbox 1477 3093 1922 3159; x_wconf 83' lang='lat' dir='ltr'>commendari.</span> <span class='ocrx_word' id='word_1_188' title='bbox 2044 3095 2122 3157; x_wconf 86' lang='lat' dir='ltr'>cf.</span> <span class='ocrx_word' id='word_1_189' title='bbox 2191 3116 2250 3176; x_wconf 89' lang='lat' dir='ltr'>p.</span> <span class='ocrx_word' id='word_1_190' title='bbox 2308 3094 2413 3169; x_wconf 84' lang='lat'>36,</span> <span class='ocrx_word' id='word_1_191' title='bbox 2474 3093 2560 3156; x_wconf 82' lang='lat'>23</span> <span class='ocrx_word' id='word_1_192' title='bbox 2624 3090 2711 3157; x_wconf 82' lang='lat' dir='ltr'>M.</span> 
     </span>
     <span class='ocr_line' id='line_1_28' title="bbox 486 3198 2713 3284; baseline -0.002 -20"><span class='ocrx_word' id='word_1_193' title='bbox 486 3201 599 3264; x_wconf 83' lang='lat' dir='ltr'>‘Tu</span> <span class='ocrx_word' id='word_1_194' title='bbox 650 3200 946 3283; x_wconf 82' lang='lat' dir='ltr'>(Fronto)</span> <span class='ocrx_word' id='word_1_195' title='bbox 996 3223 1134 3265; x_wconf 89' lang='lat' dir='ltr'>cum</span> <span class='ocrx_word' id='word_1_196' title='bbox 1185 3202 1316 3264; x_wconf 89' lang='lat' dir='ltr'>sine</span> <span class='ocrx_word' id='word_1_197' title='bbox 1363 3222 1463 3263; x_wconf 89' lang='lat' dir='ltr'>me</span> <span class='ocrx_word' id='word_1_198' title='bbox 1508 3222 1590 3277; x_wconf 78' lang='lat' dir='ltr'>eS,</span> <span class='ocrx_word' id='word_1_199' title='bbox 1658 3199 1966 3264; x_wconf 89' lang='lat' dir='ltr'>Catonem</span> <span class='ocrx_word' id='word_1_200' title='bbox 2026 3200 2223 3284; x_wconf 58' lang='lat' dir='ltr'>legis)</span> <span class='ocrx_word' id='word_1_201' title='bbox 2298 3198 2432 3263; x_wconf 89' lang='lat' dir='ltr'>Nec</span> <span class='ocrx_word' id='word_1_202' title='bbox 2477 3198 2713 3261; x_wconf 88' lang='lat' dir='ltr'>frustra</span> 
     </span>
     <span class='ocr_line' id='line_1_29' title="bbox 482 3304 2709 3389; baseline -0.001 -18"><span class='ocrx_word' id='word_1_203' title='bbox 482 3308 557 3371; x_wconf 89' lang='lat' dir='ltr'>fit</span> <span class='ocrx_word' id='word_1_204' title='bbox 603 3307 1085 3372; x_wconf 79' lang='lat' dir='ltr'>commendatiO.</span> <span class='ocrx_word' id='word_1_205' title='bbox 1162 3307 1241 3371; x_wconf 91' lang='lat' dir='ltr'>cf.</span> <span class='ocrx_word' id='word_1_206' title='bbox 1292 3330 1352 3389; x_wconf 88' lang='lat' dir='ltr'>p.</span> <span class='ocrx_word' id='word_1_207' title='bbox 1403 3308 1506 3384; x_wconf 85' lang='lat'>29,</span> <span class='ocrx_word' id='word_1_208' title='bbox 1560 3309 1637 3371; x_wconf 88' lang='lat'>11</span> <span class='ocrx_word' id='word_1_209' title='bbox 1689 3305 1775 3369; x_wconf 91' lang='grc' dir='ltr'>Μ.</span> <span class='ocrx_word' id='word_1_210' title='bbox 1851 3310 1933 3371; x_wconf 86' lang='lat' dir='ltr'>‘et</span> <span class='ocrx_word' id='word_1_211' title='bbox 1981 3305 2238 3371; x_wconf 91' lang='lat' dir='ltr'>Catonis</span> <span class='ocrx_word' id='word_1_212' title='bbox 2297 3306 2500 3369; x_wconf 89' lang='lat' dir='ltr'>multa</span> <span class='ocrx_word' id='word_1_213' title='bbox 2546 3304 2709 3389; x_wconf 87' lang='lat' dir='ltr'>legi.&#39;</span> 
     </span>
     <span class='ocr_line' id='line_1_30' title="bbox 484 3412 2715 3500; baseline -0.004 -19"><span class='ocrx_word' id='word_1_214' title='bbox 484 3417 588 3492; x_wconf 87' lang='grc'>68,</span> <span class='ocrx_word' id='word_1_215' title='bbox 634 3417 712 3478; x_wconf 78' lang='grc'>12</span> <span class='ocrx_word' id='word_1_216' title='bbox 760 3414 846 3480; x_wconf 94' lang='grc' dir='ltr'>Μ.</span> <span class='ocrx_word' id='word_1_217' title='bbox 935 3415 1081 3500; x_wconf 85' lang='lat' dir='ltr'>‘legi</span> <span class='ocrx_word' id='word_1_218' title='bbox 1146 3413 1401 3478; x_wconf 83' lang='lat' dir='ltr'>Catonis</span> <span class='ocrx_word' id='word_1_219' title='bbox 1466 3414 1820 3478; x_wconf 89' lang='lat' dir='ltr'>orationem</span> <span class='ocrx_word' id='word_1_220' title='bbox 1875 3413 1951 3478; x_wconf 93' lang='lat' dir='ltr'>de</span> <span class='ocrx_word' id='word_1_221' title='bbox 2014 3412 2193 3478; x_wconf 88' lang='lat' dir='ltr'>bonis</span> <span class='ocrx_word' id='word_1_222' title='bbox 2239 3412 2566 3488; x_wconf 88' lang='lat' dir='ltr'>Pulchrae,</span> <span class='ocrx_word' id='word_1_223' title='bbox 2650 3413 2715 3473; x_wconf 89' lang='lat' dir='ltr'>et</span> 
     </span>
     <span class='ocr_line' id='line_1_31' title="bbox 483 3519 2713 3605; baseline -0.002 -21"><span class='ocrx_word' id='word_1_224' title='bbox 483 3521 673 3585; x_wconf 89' lang='lat' dir='ltr'>aliam</span> <span class='ocrx_word' id='word_1_225' title='bbox 703 3544 827 3604; x_wconf 91' lang='lat' dir='ltr'>qua</span> <span class='ocrx_word' id='word_1_226' title='bbox 856 3521 1115 3585; x_wconf 88' lang='lat' dir='ltr'>tribuno</span> <span class='ocrx_word' id='word_1_227' title='bbox 1145 3521 1311 3584; x_wconf 83' lang='lat' dir='ltr'>diem</span> <span class='ocrx_word' id='word_1_228' title='bbox 1341 3520 1536 3587; x_wconf 63' lang='lat' dir='ltr'>dixit!</span> <span class='ocrx_word' id='word_1_229' title='bbox 1633 3522 1735 3598; x_wconf 83' lang='lat'>69,</span> <span class='ocrx_word' id='word_1_230' title='bbox 1776 3522 1847 3585; x_wconf 88' lang='lat' dir='ltr'>ll</span> <span class='ocrx_word' id='word_1_231' title='bbox 1874 3519 1959 3585; x_wconf 93' lang='lat' dir='ltr'>M.</span> <span class='ocrx_word' id='word_1_232' title='bbox 2010 3520 2156 3605; x_wconf 83' lang='lat' dir='ltr'>‘legi</span> <span class='ocrx_word' id='word_1_233' title='bbox 2214 3541 2289 3583; x_wconf 85' lang='lat' dir='ltr'>ex</span> <span class='ocrx_word' id='word_1_234' title='bbox 2321 3519 2713 3603; x_wconf 86' lang='lat' dir='ltr'>agricultura</span> 
     </span>
     <span class='ocr_line' id='line_1_32' title="bbox 484 3624 2715 3710; baseline -0.002 -18"><span class='ocrx_word' id='word_1_235' title='bbox 484 3627 780 3692; x_wconf 59' lang='lat' dir='ltr'>Catonis)</span> <span class='ocrx_word' id='word_1_236' title='bbox 858 3628 1096 3704; x_wconf 85' lang='lat' dir='ltr'>Quibus</span> <span class='ocrx_word' id='word_1_237' title='bbox 1141 3651 1216 3692; x_wconf 84' lang='lat' dir='ltr'>ex</span> <span class='ocrx_word' id='word_1_238' title='bbox 1253 3628 1406 3692; x_wconf 91' lang='lat' dir='ltr'>locis</span> <span class='ocrx_word' id='word_1_239' title='bbox 1452 3628 1578 3691; x_wconf 90' lang='lat' dir='ltr'>iam</span> <span class='ocrx_word' id='word_1_240' title='bbox 1625 3628 1777 3692; x_wconf 87' lang='lat' dir='ltr'>satis</span> <span class='ocrx_word' id='word_1_241' title='bbox 1824 3630 2109 3710; x_wconf 91' lang='lat' dir='ltr'>apparet,</span> <span class='ocrx_word' id='word_1_242' title='bbox 2159 3629 2474 3709; x_wconf 90' lang='lat' dir='ltr'>quantum</span> <span class='ocrx_word' id='word_1_243' title='bbox 2520 3624 2715 3688; x_wconf 85' lang='lat' dir='ltr'>fuerit</span> 
     </span>
     <span class='ocr_line' id='line_1_33' title="bbox 481 3732 2304 3819; baseline -0.002 -21"><span class='ocrx_word' id='word_1_244' title='bbox 481 3734 681 3798; x_wconf 90' lang='lat' dir='ltr'>Marci</span> <span class='ocrx_word' id='word_1_245' title='bbox 726 3735 1004 3799; x_wconf 89' lang='lat' dir='ltr'>studium</span> <span class='ocrx_word' id='word_1_246' title='bbox 1051 3737 1118 3800; x_wconf 93' lang='lat' dir='ltr'>in</span> <span class='ocrx_word' id='word_1_247' title='bbox 1166 3734 1409 3799; x_wconf 90' lang='lat' dir='ltr'>Catone</span> <span class='ocrx_word' id='word_1_248' title='bbox 1456 3733 1723 3819; x_wconf 85' lang='lat' dir='ltr'>legendo</span> <span class='ocrx_word' id='word_1_249' title='bbox 1770 3737 2232 3816; x_wconf 88' lang='lat' dir='ltr'>consumptum.</span> <span class='ocrx_word' id='word_1_250' title='bbox 2249 3732 2304 3812; x_wconf 74' lang='lat'>2)</span> 
     </span>
    </p>
   </div>
   <div class='ocr_carea' id='block_1_4' title="bbox 481 3861 906 3871">
    <p class='ocr_par' dir='ltr' id='par_1_7' title="bbox 481 3861 906 3871">
     <span class='ocr_line' id='line_1_34' title="bbox 481 3861 906 3871; baseline 0 1143"><span class='ocrx_word' id='word_1_251' title='bbox 481 3861 906 3871; x_wconf 95' lang='lat' dir='ltr'> </span> 
     </span>
    </p>
   </div>
   <div class='ocr_carea' id='block_1_5' title="bbox 481 3924 2711 4088">
    <p class='ocr_par' dir='ltr' id='par_1_8' title="bbox 481 3924 2711 4088">
     <span class='ocr_line' id='line_1_35' title="bbox 629 3924 2711 3999; baseline -0.003 -15"><span class='ocrx_word' id='word_1_252' title='bbox 629 3928 670 3997; x_wconf 83' lang='grc'>1)</span> <span class='ocrx_word' id='word_1_253' title='bbox 709 3930 936 3999; x_wconf 87' lang='lat' dir='ltr'>Spectat</span> <span class='ocrx_word' id='word_1_254' title='bbox 973 3931 1176 3984; x_wconf 88' lang='lat' dir='ltr'>Fronto</span> <span class='ocrx_word' id='word_1_255' title='bbox 1229 3929 1333 3984; x_wconf 90' lang='lat' dir='ltr'>hoc</span> <span class='ocrx_word' id='word_1_256' title='bbox 1379 3931 1497 3983; x_wconf 93' lang='lat' dir='ltr'>loco</span> <span class='ocrx_word' id='word_1_257' title='bbox 1544 3928 1872 3983; x_wconf 86' lang='lat' dir='ltr'>Sallustium</span> <span class='ocrx_word' id='word_1_258' title='bbox 1920 3931 1984 3982; x_wconf 91' lang='lat' dir='ltr'>ut</span> <span class='ocrx_word' id='word_1_259' title='bbox 2029 3930 2301 3982; x_wconf 89' lang='lat' dir='ltr'>oratorem</span> <span class='ocrx_word' id='word_1_260' title='bbox 2345 3943 2457 3981; x_wconf 90' lang='lat' dir='ltr'>non</span> <span class='ocrx_word' id='word_1_261' title='bbox 2503 3928 2567 3979; x_wconf 92' lang='lat' dir='ltr'>ut</span> <span class='ocrx_word' id='word_1_262' title='bbox 2602 3924 2711 3980; x_wconf 88' lang='lat' dir='ltr'>his·</span> 
     </span>
     <span class='ocr_line' id='line_1_36' title="bbox 481 4018 1859 4088; baseline -0.001 -15"><span class='ocrx_word' id='word_1_263' title='bbox 481 4018 732 4084; x_wconf 88' lang='lat' dir='ltr'>toricum,</span> <span class='ocrx_word' id='word_1_264' title='bbox 773 4020 839 4074; x_wconf 91' lang='lat' dir='ltr'>de</span> <span class='ocrx_word' id='word_1_265' title='bbox 877 4037 985 4087; x_wconf 91' lang='lat' dir='ltr'>quo</span> <span class='ocrx_word' id='word_1_266' title='bbox 1022 4019 1169 4073; x_wconf 87' lang='lat' dir='ltr'>infra</span> <span class='ocrx_word' id='word_1_267' title='bbox 1204 4037 1256 4088; x_wconf 92' lang='lat' dir='ltr'>p.</span> <span class='ocrx_word' id='word_1_268' title='bbox 1300 4021 1363 4073; x_wconf 93' lang='lat'>15</span> <span class='ocrx_word' id='word_1_269' title='bbox 1401 4037 1480 4086; x_wconf 90' lang='lat' dir='ltr'>sq.</span> <span class='ocrx_word' id='word_1_270' title='bbox 1522 4018 1859 4073; x_wconf 70' lang='lat' dir='ltr'>disseremus</span> 
     </span>
    </p>
   </div>
   <div class='ocr_carea' id='block_1_6' title="bbox 483 4122 2717 4374">
    <p class='ocr_par' dir='ltr' id='par_1_9' title="bbox 483 4122 2717 4374">
     <span class='ocr_line' id='line_1_37' title="bbox 629 4122 2714 4195; baseline -0.002 -15"><span class='ocrx_word' id='word_1_271' title='bbox 629 4124 671 4193; x_wconf 77' lang='lat'>²)</span> <span class='ocrx_word' id='word_1_272' title='bbox 709 4126 946 4181; x_wconf 88' lang='lat' dir='ltr'>Omnino</span> <span class='ocrx_word' id='word_1_273' title='bbox 991 4129 1329 4195; x_wconf 90' lang='lat' dir='ltr'>quantopere</span> <span class='ocrx_word' id='word_1_274' title='bbox 1374 4126 1434 4178; x_wconf 92' lang='lat' dir='ltr'>in</span> <span class='ocrx_word' id='word_1_275' title='bbox 1489 4128 1699 4179; x_wconf 85' lang='lat' dir='ltr'>veteres</span> <span class='ocrx_word' id='word_1_276' title='bbox 1754 4124 2015 4179; x_wconf 90' lang='lat' dir='ltr'>lectiones</span> <span class='ocrx_word' id='word_1_277' title='bbox 2060 4125 2401 4189; x_wconf 88' lang='lat' dir='ltr'>incumbant,</span> <span class='ocrx_word' id='word_1_278' title='bbox 2459 4122 2714 4191; x_wconf 89' lang='lat' dir='ltr'>discipuli</span> 
     </span>
     <span class='ocr_line' id='line_1_38' title="bbox 483 4214 2715 4285; baseline -0.001 -17"><span class='ocrx_word' id='word_1_279' title='bbox 483 4215 750 4284; x_wconf 86' lang='lat' dir='ltr'>magistro</span> <span class='ocrx_word' id='word_1_280' title='bbox 787 4234 949 4285; x_wconf 88' lang='lat' dir='ltr'>saepe</span> <span class='ocrx_word' id='word_1_281' title='bbox 986 4218 1264 4270; x_wconf 86' lang='lat' dir='ltr'>testantur</span> <span class='ocrx_word' id='word_1_282' title='bbox 1300 4233 1535 4283; x_wconf 90' lang='lat' dir='ltr'>eumque</span> <span class='ocrx_word' id='word_1_283' title='bbox 1573 4217 1792 4285; x_wconf 87' lang='lat' dir='ltr'>rogant,</span> <span class='ocrx_word' id='word_1_284' title='bbox 1841 4217 1905 4268; x_wconf 90' lang='lat' dir='ltr'>ut</span> <span class='ocrx_word' id='word_1_285' title='bbox 1952 4214 2056 4269; x_wconf 86' lang='lat' dir='ltr'>sibi</span> <span class='ocrx_word' id='word_1_286' title='bbox 2103 4214 2315 4283; x_wconf 90' lang='lat' dir='ltr'>optima</span> <span class='ocrx_word' id='word_1_287' title='bbox 2361 4230 2611 4280; x_wconf 90' lang='lat' dir='ltr'>quaeque</span> <span class='ocrx_word' id='word_1_288' title='bbox 2650 4230 2715 4266; x_wconf 84' lang='lat' dir='ltr'>ex</span> 
     </span>
     <span class='ocr_line' id='line_1_39' title="bbox 483 4301 2717 4374; baseline -0.001 -18"><span class='ocrx_word' id='word_1_289' title='bbox 483 4304 684 4357; x_wconf 87' lang='lat' dir='ltr'>litteris</span> <span class='ocrx_word' id='word_1_290' title='bbox 721 4305 985 4374; x_wconf 83' lang='lat' dir='ltr'>designet.</span> <span class='ocrx_word' id='word_1_291' title='bbox 1063 4305 1126 4359; x_wconf 91' lang='lat' dir='ltr'>cf.</span> <span class='ocrx_word' id='word_1_292' title='bbox 1166 4324 1218 4373; x_wconf 87' lang='lat' dir='ltr'>p.</span> <span class='ocrx_word' id='word_1_293' title='bbox 1259 4305 1342 4370; x_wconf 87' lang='grc'>56,</span> <span class='ocrx_word' id='word_1_294' title='bbox 1381 4306 1518 4358; x_wconf 84' lang='grc'>4-7</span> <span class='ocrx_word' id='word_1_295' title='bbox 1549 4306 1622 4357; x_wconf 94' lang='grc' dir='ltr'>Μ.</span> <span class='ocrx_word' id='word_1_296' title='bbox 1667 4304 1782 4368; x_wconf 84' lang='grc'>104,</span> <span class='ocrx_word' id='word_1_297' title='bbox 1828 4304 2084 4368; x_wconf 84' lang='grc'>16-105,</span> <span class='ocrx_word' id='word_1_298' title='bbox 2124 4304 2154 4356; x_wconf 90' lang='grc'><strong>5</strong></span> <span class='ocrx_word' id='word_1_299' title='bbox 2183 4304 2255 4356; x_wconf 92' lang='grc' dir='ltr'>Μ.</span> <span class='ocrx_word' id='word_1_300' title='bbox 2330 4301 2436 4367; x_wconf 88' lang='lat' dir='ltr'>Qui</span> <span class='ocrx_word' id='word_1_301' title='bbox 2473 4301 2566 4367; x_wconf 89' lang='lat' dir='ltr'>eis,</span> <span class='ocrx_word' id='word_1_302' title='bbox 2606 4319 2717 4369; x_wconf 91' lang='lat' dir='ltr'>quo</span> 
     </span>
    </p>
   </div>
   <div class='ocr_carea' id='block_1_7' title="bbox 483 4390 2712 4464">
    <p class='ocr_par' dir='ltr' id='par_1_10' title="bbox 483 4390 2712 4464">
     <span class='ocr_line' id='line_1_40' title="bbox 483 4390 2712 4464; baseline -0.001 -17"><span class='ocrx_word' id='word_1_303' title='bbox 483 4393 753 4456; x_wconf 83' lang='lat' dir='ltr'>uberiores</span> <span class='ocrx_word' id='word_1_304' title='bbox 789 4395 1000 4449; x_wconf 87' lang='lat' dir='ltr'>fructus</span> <span class='ocrx_word' id='word_1_305' title='bbox 1038 4411 1106 4449; x_wconf 83' lang='lat' dir='ltr'>ex</span> <span class='ocrx_word' id='word_1_306' title='bbox 1141 4394 1253 4464; x_wconf 42' lang='lat' dir='ltr'>isto,</span> <span class='ocrx_word' id='word_1_307' title='bbox 1285 4395 1467 4449; x_wconf 87' lang='lat' dir='ltr'>studio</span> <span class='ocrx_word' id='word_1_308' title='bbox 1495 4393 1820 4464; x_wconf 88' lang='lat' dir='ltr'>percipiant,</span> <span class='ocrx_word' id='word_1_309' title='bbox 1860 4393 2145 4464; x_wconf 87' lang='lat' dir='ltr'>praecipit,</span> <span class='ocrx_word' id='word_1_310' title='bbox 2184 4395 2249 4447; x_wconf 92' lang='lat' dir='ltr'>ut</span> <span class='ocrx_word' id='word_1_311' title='bbox 2275 4390 2580 4447; x_wconf 86' lang='lat' dir='ltr'>sententias</span> <span class='ocrx_word' id='word_1_312' title='bbox 2609 4391 2712 4446; x_wconf 91' lang='lat' dir='ltr'>col-</span> 
     </span>
    </p>
   </div>
  </div>
 </body>
</html>
