3140 5014
1500 320 1583 384 27

417 516 506 582 M.
553 514 780 580 Hertz:
831 515 1111 580 RenaiSS.
1162 536 1224 597 p.
1275 513 1358 579 47
1407 519 1541 580 not.
1594 516 1677 581 76
1710 519 1775 580 et
1801 538 1862 600 p.
1904 516 1990 582 48
2038 519 2170 582 not.
2209 519 2308 583 77.
2399 516 2661 581 Praeter

416 622 751 687 Hertzium
808 622 916 686 alii
981 643 1231 706 quoque
1295 623 1611 686 nonnulla
1666 623 2094 706 protulerunt,
2155 646 2317 708 quae
2362 646 2474 688 suo
2520 623 2660 687 loco

419 729 1072 795 commemorabimus.
1134 726 1254 793 Sed
1286 729 1639 792 accuratius
1669 732 1864 813 atque
1902 733 2075 795 certo
2117 731 2390 815 quodam
2440 730 2660 794 ordine

417 837 485 900 in
533 836 699 901 hanc
728 836 1165 921 quaestionem
1192 858 1378 900 nemo
1408 835 1617 900 adhuc
1644 858 1882 915 eorum,
1916 838 2025 920 qui
2056 837 2366 902 Frontoni
2401 860 2660 921 operam

419 946 757 1022 navarunt,
806 943 1117 1011 incubuit.

553 1051 759 1126 Quare
807 1072 923 1114 nos
970 1073 1197 1133 operae
1247 1050 1522 1132 pretium
1570 1072 1699 1114 esse
1738 1049 2056 1128 duximus»,
2100 1054 2191 1130 ut,
2233 1051 2384 1135 quid
2415 1050 2660 1116 Fronto

421 1156 495 1220 de
542 1178 780 1235 eorum,
831 1157 943 1240 qui
990 1163 1133 1240 post
1181 1155 1549 1221 Ciceronem
1595 1157 1972 1235 floruerunt,
2020 1158 2400 1241 scriptorum
2447 1158 2661 1223 indole

419 1264 758 1327 censuisset
816 1263 1095 1347 quidque
1152 1285 1227 1326 ex
1284 1264 1369 1327 eis
1428 1263 1849 1346 decerpsisset,
1918 1263 2285 1350 diligentius
2343 1266 2661 1329 examina-

419 1392 645 1449 remus,
695 1393 826 1435 non
872 1392 1020 1435 vero
1066 1371 1178 1449 ita,
1229 1374 1301 1434 ut
1346 1371 1670 1435 difficilem
1727 1371 1893 1436 hanc
1947 1375 2142 1455 atque
2198 1373 2479 1456 amplam
2524 1396 2660 1437 ma·
2713 1376 2718 1381 ’

418 1479 645 1542 teriam
701 1481 1252 1562 pertractaremuS,
1308 1478 1413 1542 sed
1480 1482 1553 1542 ut
1606 1481 1884 1543 tractare
1937 1479 2374 1562 inciperemus,
2469 1479 2661 1544 Cuius

421 1586 866 1669 disputationis
912 1586 1088 1650 hunc
1133 1585 1418 1650 ordinem
1465 1591 1680 1650 tenere
1726 1587 1908 1651 nobis
1955 1587 2215 1669 placuit,
2263 1592 2337 1651 ut
2382 1588 2658 1670 primum

421 1692 496 1756 de
555 1691 869 1771 Cicerone,
935 1695 1075 1756 tum
1135 1692 1212 1756 de
1271 1691 1657 1777 Augusteae,
1723 1697 2043 1776 postremo
2099 1694 2369 1778 denique
2426 1694 2503 1759 tle
2558 1717 2660 1759 ar-

417 1803 684 1884 genteae
730 1800 956 1864 aetatis
1003 1799 1375 1864 auctoribus
1422 1799 1883 1864 dissereremus

476 1944 483 1949 ·
552 1905 764 1990 Atque
809 1907 1135 1971 ordiamur
1179 1930 1216 1971 a
1245 1905 1560 1984 Cicerone,
1612 1906 1688 1971 de
1734 1928 1861 1990 quo
1901 1906 2294 1972 Frontonem
2326 1908 2497 1972 haud
2540 1909 2659 1973 be-

420 2013 643 2078 nevole
688 2035 802 2078 nec
849 2013 1176 2078 commode
1221 2014 1543 2092 iudicasse,
1603 2014 1772 2097 quod
1823 2013 2026 2077 verbis
2080 2014 2417 2096 insperatis
2464 2014 2660 2078 absti-

420 2121 676 2200 nuisset,
725 2121 852 2185 iam
898 2142 1096 2205 supra
1142 2121 1576 2206 cognovimus
1669 2120 1857 2196 Quod
1913 2121 2213 2184 iudicium
2268 2122 2334 2185 in
2391 2121 2511 2185 hac
2557 2144 2661 2186 ac-

419 2229 733 2294 curatiore
798 2229 1165 2311 quaestione
1221 2227 1705 2311 comprobatum
1771 2231 1963 2311 atque
2021 2229 2204 2292 novis
2268 2230 2661 2314 argumentis

419 2338 676 2401 auctum
741 2336 1146 2419 reperiemus,
1201 2371 1287 2381 —
1344 2334 1507 2400 Sane
1563 2335 1718 2399 adeo
1777 2335 2021 2399 Fronto
2089 2358 2215 2399 non
2275 2336 2521 2419 desipit,
2590 2341 2662 2400 ut

421 2442 803 2523 Ciceronem,
864 2443 1043 2509 cuius
1102 2443 1296 2507 libros
1353 2442 1805 2506 studiosissime
1860 2463 1923 2505 se
1958 2428 2294 2506 'lectitasse
2357 2442 2657 2521 affirmat,

422 2554 734 2616 oratorem
785 2552 1063 2634 politum
1107 2555 1172 2615 et
1216 2549 1513 2614 limatum
1559 2572 1687 2614 esse
1733 2553 1942 2635 neget.
1961 2549 2010 2631 1)
2089 2549 2162 2613 Id
2210 2573 2482 2634 quoque·
2509 2573 2660 2615 con-

424 2658 589 2724 cedit
634 2680 776 2723 eum
827 2659 1063 2743 figuras
1111 2657 1506 2722 orationibus
1564 2656 2068 2722 accommodatas
2126 2658 2436 2740 imprimis
2482 2679 2661 2741 repe-

422 2766 716 2830 titionem
762 2765 961 2849 probe
1007 2769 1071 2830 et
1115 2765 1268 2830 scite
1314 2786 1668 2848 usurpasse.
1684 2763 1735 2845 ²³)

555 2871 689 2936 Nec
753 2894 885 2936 non
950 2873 1266 2937 orationes
1330 2873 1502 2955 ipsae
1567 2872 1911 2937 Frontonis
1986 2872 2238 2936 laudem
2315 2876 2661 2938 merentur.

424 2979 638 3062 Atque
685 2980 1063 3047 excellenter
1109 2979 1359 3063 quidem
1408 2980 1646 3064 scripta
1684 2980 1741 3044 ei
1778 2980 2028 3044 videtur
2067 2980 2273 3044 oratio
2313 3002 2429 3063 pro
2464 2979 2660 3057 Sulla,

580 3190 622 3259 ¹)
659 3195 724 3248 cf.
765 3213 817 3262 p.
858 3194 943 3258 63,
988 3194 1122 3246 1—5
1162 3192 1283 3247 ‘Hic
1320 3195 1382 3246 tu
1420 3193 1651 3246 fortasse
1687 3191 1992 3246 iandudum
2030 3193 2293 3261 requiraS,
2333 3192 2528 3262 quoin
2566 3212 2663 3246 nn—

423 3302 571 3338 mero
609 3285 781 3339 locem
818 3285 891 3337 M.
923 3282 1184 3347 Tullium,
1225 3282 1322 3350 qui
1351 3286 1519 3351 caput
1548 3285 1719 3351 atque
1744 3283 1865 3337 fons
1892 3299 2151 3336 romanae
2179 3282 2470 3336 facundiae
2499 3282 2663 3336 cluet.

423 3374 566 3426 Eum
610 3391 714 3444 ego
751 3373 989 3428 arbitror
1024 3389 1418 3440 usquequaque
1472 3372 1651 3426 verbis
1709 3371 2090 3441 pulcherrimis
2127 3372 2404 3433 elocutum
2441 3374 2498 3425 et
2535 3375 2666 3425 ante

424 3462 600 3516 omnis
638 3463 775 3517 alios
812 3465 1055 3517 oratores
1093 3461 1166 3515 ad
1203 3478 1284 3526 ea,
1324 3479 1466 3529 quae
1495 3465 1774 3516 ostentare
1803 3462 1990 3527 vellet,
2030 3462 2277 3516 ornanda
2306 3461 2665 3530 magnificum

424 3552 625 3606 fuisse)

567 3661 618 3710 p.
661 3641 745 3706 63,
786 3641 960 3695 9—13
1002 3640 1215 3708 ‘Itaque
1252 3640 1578 3708 comperisse
1614 3640 1817 3705 videor,
1857 3643 1922 3694 ut
1960 3639 2056 3708 qui
2094 3640 2209 3694 eius
2248 3639 2454 3707 scripta
2481 3639 2668 3693 omnia

425 3730 821 3785 studiosissime
875 3729 1191 3794 lectitarim,
1250 3733 1432 3784 cetera
1486 3747 1614 3783 eum
1679 3747 1885 3799 genera
1949 3731 2237 3783 verborum
2299 3728 2666 3797 copiosissime

426 3820 804 3888 uberrimeque
840 3822 1123 3884 tractasse,
1180 3820 1348 3873 verba
1384 3818 1623 3888 propria,
1682 3819 1971 3884 translata,
2028 3818 2317 3887 simplicia,
2366 3817 2664 3886 conposita,

428 3913 485 3963 et
523 3927 665 3978 quae
701 3909 763 3963 in
799 3909 917 3962 eius
955 3908 1173 3977 scriptis
1220 3908 1424 3976 ubique
1462 3908 1723 3973 dilucent,
1770 3909 1938 3962 verba
1985 3908 2230 3973 honesta,
2280 3923 2666 3976 saepenumero

427 3998 599 4053 etiam
637 4000 900 4053 amoena.’

573 4122 614 4191 ²)
652 4143 703 4192 p.
750 4124 865 4188 107,
906 4125 967 4177 21
1013 4142 1128 4192 sqq.
1191 4123 1442 4192 ‘Figurae
1498 4122 1670 4178 etiam
1712 4152 1772 4160 —
1815 4123 1962 4177 hunc
2017 4121 2371 4190 (Ciceronem)
2430 4121 2666 4177 orationi

426 4216 786 4283 congruentes
842 4213 1156 4267 adhibuisse
1208 4242 1271 4250 —
1323 4213 1568 4266 Tullium
1623 4230 1750 4267 vero
1806 4211 2235 4266 commotissima
2290 4214 2347 4265 et
2402 4210 2668 4265 familiari

425 4303 730 4357 oratoribus
784 4304 963 4372 figura
1018 4321 1193 4367 usum,
1259 4320 1428 4371 quam
1483 4302 1770 4371 scriptores
1826 4301 2033 4355 artium
2081 4299 2396 4371 ἐπαναφοράν
2433 4303 2666 4358 vocant!

427 4391 709 4461 (Sequitur
745 4393 1056 4463 exemplum
1092 4391 1439 4463 repetitionis
1477 4410 1542 4448 ex
1581 4410 1655 4448 or.
1695 4409 1794 4462 pro
1831 4391 1974 4446 Coel.
2014 4410 2057 4445 c.
2099 4393 2170 4460 6.)
