3140 5014
1575 319 1656 398 13

493 522 730 615 partim
777 522 1035 616 collegit
1080 524 1201 592 Ad.
1251 527 1475 593 Ebert:
1512 527 1634 592 ‘De
1695 526 1781 592 M.
1831 526 2108 591 Cornelii
2173 519 2517 592 Frontonis
2580 544 2730 612 syn·

492 640 645 703 taxi.
741 638 1005 722 Erlang.
1060 638 1247 702 1880.
1297 658 1359 721 p.
1408 637 1515 702 41.

626 745 1027 827 Quamquam
1071 744 1139 807 in
1206 743 1570 807 universum
1619 742 1849 824 ‘atque'
1918 741 2089 825 apud
2145 742 2537 807 Frontonem
2599 764 2728 807 non

490 853 678 938 toties
723 852 1058 935 reperitur,
1110 850 1355 933 quoties
1400 849 1463 913 id
1511 850 1650 914 fieri
1707 849 1774 912 in
1824 847 2081 913 Catonis
2134 852 2444 914 sectatore
2500 849 2730 914 eximio

491 959 971 1042 exspectaveris;
1023 958 1284 1022 omnino
1315 956 1481 1021 enim
1534 957 1764 1039 ‘atque’
1814 978 1853 1020 a
1893 956 2220 1021 Frontone
2266 956 2514 1021 circiter
2553 959 2730 1020 octo-

491 1067 623 1152 gies
678 1067 925 1149 septieS,
992 1088 1029 1129 a
1094 1064 1310 1129 Marco
1376 1063 1564 1128 vicies
1628 1063 1963 1147 quinquies
2020 1066 2396 1146 usurpatum
2460 1069 2572 1143 est,
2638 1063 2731 1127 ita

492 1173 765 1256 quidem,
830 1175 904 1237 ut
968 1171 1209 1236 Fronto
1255 1171 1424 1235 inter
1477 1191 1705 1235 novem
1755 1170 1855 1234 ‘et’
1903 1170 2094 1235 semel
2148 1174 2371 1235 utatur
2416 1171 2731 1254 particula

496 1279 747 1363 ‘atque',
840 1278 1093 1362 Marcus
1176 1283 1388 1342 autem
1474 1277 1600 1341 iam
1674 1277 1843 1342 inter
1905 1280 2048 1342 octo
2115 1278 2215 1341 ‘et'
2279 1276 2448 1341 idem
2513 1277 2728 1344 faciat.

497 1385 618 1452 Sed
663 1386 792 1449 iam
837 1386 988 1449 satis
1025 1385 1298 1448 diximus
1337 1384 1414 1448 de
1452 1384 1767 1467 particula
1815 1385 2067 1466 ‘atque',
2126 1406 2320 1467 quam
2376 1406 2452 1448 ex
2488 1383 2730 1449 Catone

492 1492 931 1576 depromptam
979 1513 1110 1556 esse
1154 1491 1430 1556 efficitur
1476 1492 1840 1556 testimonio
1889 1490 2141 1555 disertO.

625 1596 800 1676 Quae
860 1600 1053 1664 tacite
1107 1598 1357 1663 Fronto
1414 1621 1491 1662 ex
1548 1596 1788 1663 Catone
1843 1598 2189 1681 exscripsit,
2257 1620 2331 1663 ea
2383 1598 2504 1662 viri
2563 1598 2731 1663 docti

490 1708 616 1772 iam
682 1707 1026 1771 maximam
1090 1711 1337 1790 partem
1394 1704 2012 1769 animadverterunt:
2097 1703 2254 1790 Pag.
2322 1706 2471 1784 221,
2525 1706 2609 1770 10
2654 1704 2726 1769 F.

493 1815 642 1878 ‘tela
692 1814 1012 1878 volantia'.
1107 1812 1243 1879 Cat.
1290 1815 1397 1893 86,
1445 1812 1505 1877 4.
1551 1812 1719 1877 Iord.
1768 1812 1850 1876 cf.
1899 1811 2094 1877 etiam
2139 1810 2272 1875 Liv.
2320 1810 2370 1875 I.
2425 1813 2526 1876 13.
2581 1814 2638 1877 1.

625 1920 778 2005 Pag.
830 1922 976 1999 133,
1027 1920 1067 1986 5
1113 1919 1185 1984 F.
1244 1920 1620 2005 sanguinem
1675 1919 2026 1985 demittere.
2120 1916 2256 1981 Cat.
2305 1917 2409 1997 65,
2457 1918 2516 1983 5.
2564 1917 2731 1983 idem

493 2028 729 2113 legitur
758 2050 858 2110 ap.
892 2026 1134 2091 Colum.
1184 2025 1298 2093 VI.
1336 2029 1437 2092 12.
1473 2030 1537 2104 13
1588 2025 1700 2091 VI.
1732 2027 1838 2093 38.
1882 2027 1945 2091 3.
1990 2025 2367 2109 sanguinem
2414 2024 2732 2089 dimittere

492 2134 645 2197 dicit
691 2133 854 2198 Gen.
901 2133 979 2198 X.
1031 2136 1091 2200 8.
1146 2136 1201 2196 1.
1254 2132 1400 2198 th.

624 2238 781 2324 Pag.
835 2240 981 2317 128,
1017 2241 1057 2303 9
1090 2238 1158 2302 F.
1217 2238 1600 2303 consiliosus.
1669 2236 1806 2304 Cat.
1856 2240 1960 2316 89,
1993 2239 2052 2304 3.
2099 2238 2263 2304 Iord.
2319 2238 2400 2305 cf.
2443 2237 2724 2304 Studem.

496 2347 540 2409 l.
589 2368 641 2410 c.
689 2371 753 2430 p.
801 2344 1047 2426 XXX1;
1096 2345 1564 2428 comparativus
1620 2348 1685 2409 et
1728 2344 2150 2428 superlativus
2206 2344 2393 2409 huius
2438 2344 2731 2410 adiectivi

496 2457 750 2519 exstant
798 2475 899 2537 ap.
950 2451 1164 2519 Sidon.
1213 2474 1309 2536 ep.
1357 2451 1407 2521 Ι,
1462 2454 1526 2530 1;
1576 2450 1721 2518 VII.
1768 2453 1827 2519 9.

625 2560 780 2647 Pag.
846 2563 949 2640 71,
1018 2563 1058 2626 6
1122 2559 1211 2643 M.
1286 2560 1880 2643 inpraesentiarum.
1990 2559 2069 2625 cf.
2130 2558 2266 2624 Cat.
2344 2581 2394 2623 r.
2453 2581 2504 2625 r.
2587 2559 2731 2625 144.

493 2668 572 2735 cf.
603 2667 884 2734 Studem.
924 2668 967 2734 1.
998 2689 1048 2734 c.
1080 2690 1141 2751 p.
1167 2666 1401 2732 XXXI.
1462 2665 1617 2731 Inde
1646 2667 1727 2730 ab
1773 2666 2054 2749 antiquis
2084 2665 2475 2748 temporibus
2530 2687 2729 2749 usque

493 2774 574 2839 ad
619 2775 1043 2839 recentissima
1091 2773 1245 2838 haec
1293 2796 1431 2852 vox,
1488 2795 1652 2856 quae
1697 2772 2006 2856 imprimis
2063 2771 2232 2855 apud
2289 2771 2732 2836 ecclesiasticos

492 2882 827 2965 scriptores
873 2882 1122 2965 saepius
1168 2881 1459 2959 occurrit,
1515 2881 1584 2944 in
1639 2902 1927 2946 sermone
1980 2880 2233 2964 vulgari
2293 2880 2527 2943 usitata
2576 2879 2728 2956 fuit3

492 2988 730 3052 frustra
819 2989 1098 3072 antiquis
1189 2987 1496 3073 abrogare
1587 2987 1835 3052 studuit
1925 2986 2145 3065 Hand,
2254 2985 2519 3052 Tursell.
2612 2984 2728 3053 III.

492 3116 557 3177 p.
607 3094 739 3160 235
782 3116 874 3178 sq.

625 3200 781 3286 Pag.
834 3201 980 3279 195,
1030 3203 1204 3266 8—9
1251 3200 1322 3265 F.
1373 3205 1709 3283 ‘quaenam
1755 3203 1849 3263 est
1893 3200 2138 3264 arboris
2185 3197 2497 3266 felicitas?
2567 3200 2729 3264 rami

493 3305 747 3373 fecundi
794 3311 859 3372 et
903 3308 1218 3392 frugiferi,
1276 3305 1446 3372 bacis
1491 3307 1822 3391 pomisque
1868 3307 2121 3374 onusti.'
2216 3307 2292 3373 cf.
2324 3305 2458 3373 Cat.
2496 3309 2610 3385 87,
2649 3309 2726 3373 17

493 3412 663 3482 Iord.
2163 3432 2168 3437 ’

627 3519 782 3607 Pag.
843 3523 994 3600 226,
1053 3522 1139 3586 22
1186 3519 1256 3586 F.
1313 3521 1654 3604 profanare
1723 3520 1970 3603 (eodem
2024 3542 2208 3585 sensu
2277 3524 2350 3584 ut
2419 3520 2729 3598 dedicare)

496 3628 574 3694 cf.
623 3627 759 3695 Cat.
809 3650 861 3691 r.
910 3650 960 3691 r.
1011 3629 1100 3694 50
1145 3633 1209 3692 et
1261 3628 1416 3702 132;
1465 3627 1704 3711 legitur
1758 3627 1951 3691 etiam
1999 3626 2170 3711 apud
2218 3626 2451 3693 Masur.
2514 3625 2727 3690 Sabin.

500 3758 602 3819 ap.
649 3734 928 3799 Macrob.
978 3738 1092 3799 sat.
1140 3732 1253 3801 111.
1285 3736 1345 3801 6.
1383 3736 1493 3819 11;
1542 3734 1757 3799 Aurel.
1803 3733 1972 3801 Vict.
2006 3733 2161 3819 orig.
2190 3736 2363 3819 gent.
2391 3732 2577 3799 Rom.
2610 3732 2732 3809 6.¹)

644 3947 682 4016 1)
722 3946 1021 4013 Quominus
1060 3946 1284 4001 Catonis
1320 3943 1697 4001 imitationem
1731 3947 1836 4001 hoc
1871 3945 1988 4000 loco
2017 3946 2344 4011 statuamus,
2382 3962 2492 4002 non
2528 3945 2728 4014 obstat,

494 4038 641 4105 quod
676 4037 781 4090 hoc
815 4037 1044 4090 verbum
1081 4035 1270 4090 eodem
1308 4053 1468 4089 sensu
1497 4034 1670 4090 ctiam
1700 4036 1849 4104 apud
1875 4035 2181 4089 Masurium
2204 4035 2471 4090 Sabinum
2506 4036 2728 4105 legitur,

495 4127 592 4195 qui
629 4127 729 4180 sub
768 4125 986 4180 Tiberio
1022 4124 1223 4179 floruit.
1298 4126 1555 4192 Namque
1610 4124 1671 4178 in
1707 4125 1981 4178 Frontone
2036 4127 2100 4178 ut
2145 4123 2205 4177 in
2243 4125 2557 4192 antiquario
2595 4125 2731 4179 haec

493 4216 584 4270 lex
619 4215 957 4270 observanda
993 4217 1102 4268 est:
1142 4214 1595 4281 quotiescumque
1644 4231 1750 4267 vox
1787 4216 1888 4267 aut
1932 4212 2138 4266 locutio
2185 4212 2522 4279 insolentior,
2560 4230 2729 4280 quam

493 4306 824 4360 Frontonem
885 4323 952 4359 ex
1007 4304 1133 4358 aliis
1189 4304 1500 4358 auctoribus
1555 4302 1874 4372 repetivisse
1908 4302 2374 4357 verisimillimum
2427 4306 2526 4369 est,
2583 4302 2731 4370 apud

494 4394 753 4463 antiquos
791 4397 848 4449 et
883 4393 1212 4448 recentiores
1261 4392 1549 4461 scriptores
1597 4410 1703 4458 eos,
1760 4392 1858 4460 qui
1914 4394 2045 4447 ante
2099 4393 2432 4446 Frontonem
2485 4392 2726 4458 fuerunt,
