3140 5014
1603 297 1692 362 40

523 492 772 556 litterae
818 492 1146 556 Romanae
1190 491 1325 557 sola
1372 494 1721 577 priscorum
1770 494 2111 560 verborum
2165 496 2580 581 usurpatione
2626 502 2762 564 tum

525 600 780 682 quidem
851 600 1172 684 temporie,
1248 623 1388 664 cum
1456 601 1754 666 homines
1817 602 2037 685 priscis
2108 604 2444 670 virtutibus
2509 628 2764 689 prorsus

525 706 843 784 carebant,
911 708 1390 788 efflorescerent,
1459 712 1534 773 ut
1598 708 1678 773 ab
1741 709 2007 774 interitu
2072 710 2378 776 vindicari
2442 711 2635 796 atq'ue
2697 714 2764 778 in

524 815 848 900 integrum
893 816 1140 880 restitui
1187 817 1311 880 iam
1361 816 1538 881 nulla
1585 838 1653 881 re
1700 822 1971 901 possent.

658 922 882 1006 Itaque
930 925 1162 989 mirum
1207 947 1336 989 non
1383 928 1478 989 est
1524 924 1829 1003 Marcum,
1895 928 1969 990 ut
2029 947 2223 1010 supra
2281 927 2571 1007 diximu8,
2638 951 2764 1012 quo

528 1029 730 1115 magis
776 1030 1214 1115 philosophiae
1239 1031 1465 1097 studiis
1491 1033 1900 1111 imbueretur,
1952 1055 2025 1098 eo
2054 1032 2307 1119 longius
2336 1058 2374 1099 a
2422 1034 2767 1100 Frontonis

529 1138 887 1220 eloquentia
935 1138 1266 1217 recessisse,
1315 1138 1508 1203 immo
1557 1139 1822 1204 eundem
1872 1141 2000 1205 deis
2045 1142 2285 1227 gratias
2332 1142 2546 1227 egisse,
2596 1143 2765 1228 quod

529 1243 834 1309 eiusmodi
880 1246 1276 1329 eloquentiae
1322 1247 1605 1312 studium
1650 1247 1975 1314 omisisset.

904 1814 1587 1898 Emendationes
1642 1816 2320 1902 Frontonianae.
2346 1819 2393 1903 1)

667 1993 745 2058 Ad
795 1993 971 2058 amic.
1022 1992 1061 2057 Ι.
1116 1993 1172 2057 1.
1223 2010 1278 2074 ρ.
1320 1992 1460 2074 173,
1490 1992 1575 2058 22
1622 2010 1713 2075 sq.
1759 1995 1821 2058 in
1874 1995 2085 2060 codice
2132 1995 2571 2063 Frontoniano
2621 2000 2772 2065 haec

532 2104 866 2187 leguntur:
937 2100 1120 2165 ‘Laus
1175 2100 1255 2163 ad
1302 2123 1402 2165 me
1448 2101 1522 2166 de
1570 2102 1831 2187 ingenio
1880 2103 2011 2167 eius
2057 2104 2203 2168 iam
2248 2110 2769 2189 apervaserat,

534 2232 728 2292 quam
774 2230 987 2272 veram
1033 2207 1113 2272 ad
1160 2230 1342 2272 aures
1406 2231 1576 2273 meas
1641 2210 1932 2274 accidisse
2000 2233 2116 2275 usu
2181 2212 2368 2277 didici
2434 2215 2773 2298 multisque

536 2315 928 2380 documentis
974 2321 1270 2398 expertus
1314 2316 1492 2380 sum.'
1587 2315 1876 2381 Naberus
1905 2317 2128 2384 edidit:
2181 2319 2326 2382 ‘iam
2361 2322 2771 2406 pervaserat'3

537 2426 737 2490 multo
783 2425 1155 2489 concinnior
1200 2425 1411 2490 evadit
1454 2426 1786 2504 sententia,
1844 2428 1896 2490 si
1941 2428 2261 2492 scribitur:
2322 2428 2505 2492 ‘Laus
2552 2429 2631 2493 ad
2680 2453 2779 2495 me

539 2533 615 2599 de
642 2533 900 2618 ingenio
949 2534 1080 2598 eius
1127 2533 1325 2597 fama
1371 2535 1865 2617 pervaserat,'
1916 2540 1989 2598 ut
2036 2536 2246 2599 ‘fama'
2297 2539 2361 2599 et
2409 2538 2563 2601 ‘usu'
2611 2538 2779 2603 inter

538 2664 602 2705 se
648 2640 937 2724 opposita
999 2640 1144 2707 sint.
1209 2641 1287 2705 cf.
1333 2663 1495 2723 quae
1558 2640 1830 2705 diximus
1894 2665 1957 2725 p.
2012 2644 2091 2708 16
2153 2642 2297 2708 adn.
2352 2645 2406 2708 1.
2500 2637 2778 2709 Litterae

541 2751 752 2811 autem
800 2748 1182 2811 maiusculae
1227 2747 1262 2810 f
1301 2750 1367 2811 et
1412 2749 1434 2811 i
1479 2748 1647 2812 inter
1692 2769 1756 2812 se
1800 2748 2158 2813 simillimae
2204 2749 2434 2829 sunt.²)

675 2853 755 2917 Ad
804 2854 975 2918 amic.
1033 2853 1093 2918 ll.
1141 2853 1181 2919 8
1249 2870 1302 2934 ρ.
1359 2852 1506 2933 199,
1572 2853 1616 2917 4
1681 2869 1773 2934 sq.
1867 2854 2108 2919 Fronto
2173 2862 2509 2940 postquam
2574 2880 2638 2923 se
2702 2858 2781 2922 ab

545 2962 733 3026 Arrio
782 2960 1111 3026 Antonino
1158 2961 1278 3026 coli
1324 2961 1669 3046 magnique
1710 2961 2029 3025 aestimari
2059 2957 2478 3045 praedicavit,
2513 2965 2607 3029 ita
2638 2988 2781 3049 per-

543 3070 668 3153 git:
720 3068 833 3133 ‘Eo
880 3070 970 3149 fit,
1019 3071 1094 3133 ut
1139 3067 1218 3133 ad
1267 3090 1365 3132 me
1412 3067 1751 3132 decurrant
1796 3069 2075 3151 plurimi,
2126 3072 2236 3155 qui
2283 3076 2460 3136 tuam
2508 3073 2782 3157 gratiam

546 3178 826 3261 cupiunt.
937 3176 1108 3253 Quos
1155 3198 1272 3261 ego
1321 3198 1450 3240 non
1497 3178 1731 3240 temere
1779 3198 1893 3240 nec
1937 3177 2072 3241 sine
2120 3178 2352 3245 dilectu
2402 3179 2610 3257 audio,
2678 3178 2783 3243 sed

694 3390 735 3459 ¹)
775 3391 911 3445 Cum
956 3392 1100 3445 hanc
1136 3390 1575 3445 dissertationem
1626 3390 2032 3457 conscriberem,
2064 3410 2129 3446 ex
2175 3389 2458 3461 praesidiis
2505 3388 2576 3440 ad
2621 3388 2782 3440 Fron-

548 3485 735 3536 tonem
772 3481 1175 3535 emendandum
1210 3481 1419 3556 frustra
1457 3479 1706 3548 quaesivi
1744 3481 1840 3535 hos
1878 3481 2119 3535 libellos:
2180 3481 2224 3531 1.
2265 3479 2330 3530 H.
2371 3477 2605 3530 Alanus:
2664 3494 2783 3530 con-

548 3572 791 3626 iecturae
829 3573 886 3624 et
923 3570 1435 3624 animadversiones
1512 3569 1743 3624 Dublini
1786 3571 1937 3624 1841.
2030 3569 2184 3622 Idem
2237 3566 2323 3619 vir
2377 3566 2567 3620 doctus
2622 3568 2785 3621 Fron-

549 3666 735 3716 tonem
774 3679 886 3714 una
921 3679 1045 3714 cum
1084 3660 1209 3713 aliis
1246 3660 1601 3729 scriptoribus
1657 3659 1921 3714 tractavit
1977 3658 2184 3711 duobus
2240 3656 2458 3722 libellis,
2516 3657 2612 3725 qui
2667 3675 2786 3726 pro·

551 3751 773 3805 dierunt
809 3749 1038 3804 Dublini
1081 3750 1215 3803 1863
1253 3752 1310 3803 et
1343 3749 1494 3804 1867.
1569 3750 1879 3803 Nonnullas
1909 3746 2073 3801 Alani
2102 3746 2510 3801 emendationes
2540 3747 2791 3801 exhibuit

551 3841 803 3894 Naberus
840 3858 890 3907 p.
932 3839 1036 3893 294
1073 3856 1149 3906 sq.
1225 3838 1273 3891 2.
1330 3839 1398 3892 Η.
1439 3838 1494 3892 Ο.
1535 3839 1601 3891 A.
1642 3837 1988 3891 Eichstaedt:
2047 3836 2201 3890 Corn.
2241 3836 2529 3891 Frontonis
2567 3855 2791 3905 operum

551 3946 726 3998 nuper
763 3928 822 3980 in
859 3928 1037 3981 lucem
1074 3931 1477 3996 protractorum
1513 3926 1720 3980 notitia
1757 3928 1813 3979 et
1849 3925 2139 3994 specimen.
2205 3926 2375 3979 Jenae
2419 3925 2567 3978 1816.
2644 3926 2692 3979 3.
2732 3924 2788 3979 C.

554 4019 611 4070 F.
651 4016 937 4071 Heinrich:
994 4016 1319 4070 Auctarium
1366 4013 1814 4069 emendationum
1868 4014 1928 4067 in
1964 4014 2253 4068 Frontonis
2290 4014 2553 4082 reliquias
2592 4031 2657 4068 ex
2694 4031 2791 4067 nu-

555 4124 688 4175 pera
724 4105 963 4188 editione
1000 4105 1352 4160 Berolinensi.
1444 4104 1627 4158 Kiliae
1669 4103 1822 4157 1817.
1914 4104 1962 4157 4.
2021 4103 2083 4157 A.
2135 4103 2409 4158 Philibert
2429 4132 2446 4141 -
2468 4103 2670 4171 Soupe:
2727 4103 2793 4157 de

555 4195 941 4250 Frontonianis
978 4195 1240 4263 reliquiis.
1316 4194 1577 4249 Ambiani
1619 4193 1769 4248 1853.

706 4283 746 4352 2)
784 4286 864 4338 De
893 4284 1090 4338 codicis
1116 4285 1431 4340 litterarum
1469 4284 1659 4338 formis
1696 4287 1753 4338 et
1780 4283 1839 4336 in
1875 4284 1981 4337 hac
2017 4286 2073 4337 et
2109 4283 2168 4336 in
2204 4276 2444 4350 reliquis*
2470 4280 2795 4336 coniecturis

560 4375 625 4434 cf.
664 4374 779 4429 Mai
819 4374 1033 4448 specim.
1074 4374 1327 4445 palimpS.
1366 4373 1864 4429 bobienS.·ambros
1904 4372 2175 4443 imprimis
2214 4372 2325 4429 tab.
2366 4371 2443 4425 VI
2482 4373 2539 4427 et
2575 4371 2668 4426 IV.
