3140 5014
1541 350 1584 420 3

536 563 545 569 “
576 550 692 616 His
737 550 814 616 de
851 550 1192 617 Frontonis
1239 551 1397 617 alios
1443 555 1731 617 auctores
1774 549 2070 615 imitandi
2114 549 2325 616 studio
2358 548 2677 635 quaestio-

443 659 626 723 nibus
700 658 1172 724 emendationes
1245 660 1587 724 nonnullas
1661 659 2081 725 adiunximus,
2197 659 2371 734 Quae
2431 659 2484 722 si
2548 680 2677 722 non

442 789 699 850 prorsus
743 767 1138 849 improbatae
1184 766 1423 830 fuerint
1471 789 1507 830 a
1552 767 1703 830 viris
1750 766 1950 830 doctis
1989 768 2181 848 atque
2209 765 2679 849 aliquantulum

445 874 522 937 ad
572 874 912 938 Frontonis
958 876 1207 937 textum
1253 873 1593 937 admodum
1642 873 1806 938 male
1871 872 2162 937 habitum
2225 873 2294 936 in
2357 872 2682 937 meliorem

442 983 680 1044 statum
730 980 1185 1044 traducendum
1218 980 1553 1058 valuerint,
1602 981 1732 1044 iam
1768 980 2117 1044 maximum
2147 1002 2375 1063 operae
2404 980 2681 1063 pretium

444 1108 563 1149 nos
606 1088 950 1170 percepisse
996 1088 1506 1150 existimabimus,

579 1192 652 1256 In
702 1194 1046 1277 appendice
1094 1193 1362 1277 denique
1407 1194 1626 1258 addita
1670 1199 1822 1258 sunt
1866 1216 2219 1278 synonyma
2273 1199 2338 1258 et
2394 1194 2681 1258 deminu-

447 1299 580 1363 tiva
626 1299 1112 1367 Frontoniana-

493 1422 622 1487 Scr.
662 1424 1083 1489 Vratislaviae
1129 1425 1332 1507 pridie
1376 1425 1545 1491 Non.
1575 1426 1903 1492 Decembr.
1945 1449 2000 1490 a.
2040 1425 2638 1492 MDCCCLXXXII.

1531 2009 1599 2075 Ι.

760 2155 886 2234 De
938 2153 1384 2235 Frontone
1437 2154 1840 2234 veterum
1897 2152 2410 2261 imitatore„

587 2364 743 2429 Cum
809 2368 1101 2450 Augusto
1177 2367 1428 2428 mortuo
1509 2365 1641 2428 eius
1720 2387 2096 2429 successores
2160 2388 2375 2430 omnes
2437 2371 2690 2450 praeter

453 2473 910 2557 Vespasianum
960 2477 1023 2537 et
1069 2472 1283 2536 Titum
1333 2472 1762 2555 eloquentiam
1807 2471 2070 2536 liberam
2134 2495 2166 2536 e
2212 2474 2435 2536 senatu
2482 2477 2547 2537 et
2590 2475 2689 2538 iu-2

455 2581 629 2644 diciis
668 2581 1085 2663 'removissent
1150 2585 1343 2663 atque
1410 2580 1671 2642 omnino
1727 2579 1922 2644 libere
1979 2579 2225 2643 dicendi
2272 2583 2335 2643 et
2378 2580 2689 2644 scribendi

455 2687 824 2750 facultatem
872 2686 1234 2750 hominibus
1299 2685 1695 2764 ademissent,
1763 2685 2051 2749 omnium
2113 2684 2472 2750 litterarum
2519 2688 2690 2751 solae

454 2793 652 2858 ferme
716 2782 1190 2857 exercitationes
1255 2793 1614 2857 rhetoricae.
1681 2792 1761 2856 ab
1824 2793 2278 2874 imperatorum
2343 2794 2691 2876 perniciosa

452 2900 714 2964 libidine
786 2901 1132 2964 incolumes
1205 2902 1593 2964 manserunt.
1712 2898 2006 2982 Namque
2069 2905 2276 2963 cetera
2339 2900 2691 2963 studiorum

456 3030 689 3093 genera
739 3006 932 3071 veluti
979 3008 1390 3071 historiarum
1434 3006 1714 3089 scripti0‚
1762 3007 1883 3069 nisi
1914 3006 2292 3070 videbantur
2322 3007 2691 3070 effrenatam

456 3113 790 3177 Caesarum
838 3107 1351 3176 dominationem*
1377 3112 1646 3195 probare
1692 3116 1883 3195 atque
1946 3112 2262 3189 adiuvare,
2330 3112 2693 3195 exstingue-

457 3220 710 3283 bantur.
806 3220 979 3293 Quae
1007 3242 1149 3282 cum
1179 3220 1269 3281 ita
1298 3223 1521 3296 essent,
1574 3220 1916 3302 perexigua
1947 3242 2094 3302 pars
2127 3219 2477 3297 hominum,
2527 3221 2693 3284 inter
2775 3241 2790 3252 ·

459 3349 617 3410 quos
664 3326 835 3389 haud
882 3326 1176 3389 infimum
1222 3328 1432 3389 locum
1498 3327 1875 3390 obtinebant
1937 3327 2383 3402 iurisconsulti,
2450 3329 2694 3390 animos

460 3437 524 3497 et
568 3434 730 3497 vires
777 3434 853 3497 ad
903 3433 1095 3496 libros
1141 3432 1338 3515 probe
1385 3436 1449 3496 et
1492 3432 1687 3497 libere
1742 3432 2225 3497 conscribendos
2271 3434 2692 3497 retinuerunt.

460 3539 547 3603 Hi
594 3539 844 3623 quidem
892 3541 1227 3623 praecipue
1285 3562 1429 3603 cum
1492 3541 1677 3603 initio
1744 3541 2000 3615 alterius
2046 3528 2109 3622 p
2159 3540 2306 3606 Chr.
2356 3563 2415 3605 n.
2463 3540 2695 3603 saeculi

461 3646 730 3729 pristina
776 3646 1076 3728 loquendi
1124 3647 1416 3709 libertate
1479 3646 1577 3709 uti
1624 3668 1836 3709 rursus
1884 3647 2103 3710 liceret
2147 3646 2526 3728 contemptis
2572 3646 2696 3708 illis

461 3749 817 3815 scholarum
865 3752 1443 3830 declamati‹›nibu8‚
1511 3775 1673 3835 quae
1728 3754 2111 3836 exstirpatae
2156 3753 2554 3835 eloquentiae
2600 3753 2696 3815 lo-

462 3881 600 3922 cum
669 3863 1132 3941 occupaverant
1210 3861 1606 3941 maximeque
1679 3860 1964 3922 omnium
2025 3860 2383 3923 litterarum
2448 3859 2515 3921 in
2581 3880 2696 3923 usu

462 3966 734 4043 fuerant,
783 3965 950 4028 bona
995 3966 1306 4029 scribendi
1352 3969 1729 4049 argumenta
1775 3968 2132 4030 tractarunt
2178 3970 2370 4049 atque
2414 3966 2699 4030 florentis

464 4073 801 4135 latinitatis
846 4094 1194 4136 sermonem
1244 4073 1556 4155 imprimis
1604 4072 2090 4137 Ciceronianam
2134 4076 2543 4155 usurparunt.

598 4180 690 4242 At
735 4180 924 4264 longe
970 4180 1230 4263 plurimi
1281 4179 1584 4244 diuturno
1633 4180 1977 4254 dominatu,
2025 4201 2151 4261 quo
2199 4178 2345 4241 inde
2381 4201 2419 4241 a
2447 4178 2697 4241 Tiberio

466 4308 660 4368 usque
708 4286 788 4349 ad
835 4285 1113 4350 Nervam
1159 4323 1245 4332 -
1294 4287 1666 4370 Vespasiani
1713 4287 1880 4350 enim
1928 4290 1992 4350 et
2037 4286 2167 4349 Titi
2224 4289 2512 4368 tempora
2556 4286 2699 4350 bre-

466 4394 641 4456 viora
687 4396 888 4471 eraut,
938 4416 1129 4478 quam
1177 4416 1339 4478 quae
1383 4394 1464 4457 ad
1509 4394 1756 4458 litteras
1801 4395 1866 4457 in
1915 4394 2254 4477 pristinum
2299 4398 2539 4456 statum
2584 4392 2700 4456 flo-

2282 4498 2349 4552 1*
