3140 5014
1617 331 1705 398 42

535 533 747 593 autem
797 528 1126 614 ‘egregius'
1179 526 1546 594 Antoninus
1592 530 1955 614 appellatur
2000 553 2038 594 a
2086 529 2413 596 Frontone
2459 555 2518 617 p.
2550 531 2657 612 95,
2700 533 2779 600 15

539 635 760 701 ‘Video
806 639 889 715 te,
939 635 1285 715 Antonine,
1336 636 1695 720 Principem
1741 639 1875 702 tam
1903 638 2231 723 egregium
2268 661 2462 722 quam
2491 640 2776 724 speravi.'

669 742 749 806 Ad
799 742 872 807 Μ.
920 742 1092 808 Caes·
1143 742 1183 808 Ι.
1232 742 1272 808 8
1321 760 1374 824 ρ.
1421 742 1649 823 21216
1713 744 1816 809 Du
1865 744 2026 810 Rieu
2085 767 2119 808 e
2166 745 2375 811 codice
2420 747 2774 831 exscripsit:

537 850 764 936 ‘Igitur
810 852 885 914 ut
929 851 1170 935 populo
1216 853 1476 936 gratum
1523 851 1661 931 erit,
1711 851 1803 916 ita
1850 852 2041 917 facies
2086 857 2327 937 atqua
2358 853 2563 921 dices)
2642 853 2778 919 Iam

535 956 844 1035 Naberus,
910 957 1019 1040 qui
1084 957 1189 1022 Du
1237 957 1442 1022 Rievii
1486 957 1731 1022 schedis
1777 958 1844 1022 in
1890 958 2167 1024 editione
2212 959 2585 1044 apparanda
2632 982 2778 1025 usus

533 1068 646 1144 est,
695 1063 1080 1150 divulgavit:
1150 1065 1261 1129 ‘ita
1308 1064 1498 1129 facies
1543 1068 1737 1149 atque
1784 1065 1989 1132 dices)
2100 1066 2191 1131 At
2253 1088 2399 1132 cum
2463 1068 2778 1152 particula

536 1173 696 1257 ‘que'
744 1172 1054 1237 scribatur
1110 1194 1225 1255 per
1279 1172 1730 1256 compendium
1754 1172 1798 1251 1)
1847 1195 1907 1258 q,
1973 1174 2143 1239 inter
2209 1175 2375 1258 ‘atq.'
2442 1177 2506 1239 et
2573 1175 2773 1240 ‘dices'

533 1279 693 1344 duae
736 1279 990 1344 litterae
1036 1302 1118 1343 ua
1164 1284 1409 1344 restant
1453 1303 1492 1343 a
1537 1279 1793 1345 Nabero
1842 1303 1971 1345 non
2019 1284 2296 1348 curatae.
2406 1281 2503 1345 Ex
2551 1282 2776 1366 quibus

531 1386 849 1451 lenissima
904 1386 1258 1451 mutatione
1318 1386 1621 1472 effingere
1684 1389 1864 1471 potes
1928 1387 2292 1453 adverbium
2343 1389 2497 1454 ‘itan
2610 1389 2776 1455 Vera

532 1495 749 1560 lectio:
803 1496 914 1558 ‘ita
961 1493 1150 1559 facies
1197 1497 1431 1577 atque
1477 1494 1587 1560 ita
1635 1494 1819 1559 dices'
1865 1494 1997 1559 iam
2043 1496 2333 1562 exstabat
2377 1496 2444 1560 in
2494 1496 2773 1561 editione

530 1602 984 1667 Mediolanensi
1031 1625 1091 1685 p.
1140 1603 1227 1667 34
1273 1624 1538 1687 eamque
1585 1624 1791 1686 nuper
1845 1625 1921 1667 ex
1968 1602 2178 1668 codice
2233 1603 2371 1687 ipso
2420 1603 2777 1688 expiscatus

531 1713 625 1774 est
671 1708 1142 1793 Studemundus
1189 1709 1228 1772 l.
1279 1732 1330 1776 c.
1379 1733 1440 1793 p.
1489 1708 1731 1775 XXIII.

664 1816 837 1882 Solet
881 1819 1095 1881 autem
1143 1816 1385 1881 Fronto
1431 1817 1680 1900 saepius
1726 1816 2094 1883 adverbium
2140 1820 2279 1882 tum
2307 1817 2583 1902 quidem,
2632 1839 2775 1883 cum

530 1924 610 1989 ad
656 1923 784 1988 duo
832 1923 1023 1989 verba
1087 1924 1385 2007 pertinet,
1453 1926 1603 1988 ante
1667 1925 2008 2007 utrumque
2054 1924 2386 1992 inculcare.
2477 1924 2557 1989 cf.
2608 1947 2658 1990 e.
2706 1946 2771 2010 g.

530 2056 591 2116 p.
647 2032 791 2109 105,
847 2032 929 2096 14
975 2030 1046 2095 F.
1099 2031 1210 2094 ‘ita
1256 2052 1465 2096 censes
1512 2033 1707 2114 atque
1752 2031 1844 2095 ita
1899 2030 2131 2096 iudicio
2179 2034 2293 2095 tuo
2328 2067 2407 2077 —-
2443 2031 2771 2115 decernis'3

535 2141 678 2217 144,
731 2142 766 2206 7
818 2139 890 2205 F.
961 2140 1071 2204 ‘ita
1118 2138 1351 2203 diceret
1396 2142 1590 2223 atque
1635 2139 1729 2202 ita
1774 2141 1839 2203 te
1885 2140 2345 2222 compellaret'3
2414 2142 2520 2218 98,
2574 2141 2651 2205 11
2703 2139 2771 2206 F.

529 2248 640 2310 ‘ita
686 2246 960 2311 breviter
1013 2282 1081 2292 —
1139 2249 1332 2331 atque
1379 2246 1471 2310 ita
1517 2245 1726 2310 valide
1771 2247 2052 2310 elocutus
2101 2246 2214 2322 ae'3
2269 2248 2415 2325 120,
2459 2247 2489 2311 1
2540 2244 2610 2309 F.
2662 2246 2773 2311 ‘ita

528 2355 757 2418 durum
804 2357 918 2419 aut
962 2354 1054 2417 ita
1100 2353 1452 2431 iniurium’;
1522 2354 1669 2431 176,
1724 2353 1805 2417 15
1851 2352 1921 2417 F.
1988 2355 2142 2417 ‘tam
2198 2352 2456 2420 doctum
2512 2357 2772 2438 tamque

528 2463 882 2548 elegantem
947 2461 1209 2546 virum'3
1279 2462 1383 2540 86,
1433 2460 1474 2525 3
1524 2459 1595 2524 F.
1668 2462 1823 2524 ‘tam
1885 2460 2094 2525 suavis
2159 2462 2422 2545 tamque
2485 2446 2775 2546 saviata'3

529 2571 633 2648 27,
689 2571 771 2633 10
815 2568 901 2633 M.
953 2572 1108 2632 ‘tam
1150 2567 1496 2633 iucundum
1543 2570 1803 2651 tamque
1849 2567 2197 2660 mellitum.'

661 2694 753 2759 Ut
799 2716 871 2759 eo
918 2695 1078 2772 loce,
1144 2715 1330 2777 quem
1395 2692 1585 2757 modo
1631 2693 2061 2769 tractavimus,
2128 2692 2219 2755 ita
2286 2692 2480 2758 etiam
2543 2693 2611 2757 in
2676 2713 2772 2757 se-

528 2801 868 2885 quentibus
914 2802 1129 2885 agitur
1176 2800 1251 2864 de
1297 2799 1689 2883 compendio.
1783 2799 2020 2864 Naberi
2050 2800 2218 2863 enim
2258 2799 2449 2864 editio
2483 2798 2556 2863 de
2603 2797 2773 2863 feriis

527 2907 835 2972 Alsiensib.
885 2906 947 2971 3.
996 2924 1049 2988 ρ.
1096 2905 1245 2987 229,
1302 2905 1384 2972 16
1449 2906 1603 2971 haec
1648 2906 1935 2990 praebet:
2004 2904 2405 2989 (Alloquitur
2467 2906 2771 2990 Juppiter

528 3013 860 3097 Somnum)
910 3013 1087 3093 ‘Hoc,
1135 3014 1366 3098 inquit,
1414 3034 1561 3077 suco
1590 3034 1881 3095 soporem
1912 3012 2273 3077 hominibus
2301 3035 2415 3097 per
2445 3013 2771 3078 oculorum

526 3123 833 3207 repagula
878 3122 1119 3207 inriga:
1189 3121 1400 3186 cuncti
1447 3119 1675 3206 quibus
1721 3119 2039 3205 inrigaris,
2088 3119 2233 3185 ilico
2283 3123 2428 3205 post
2473 3142 2770 3204 procum-

675 3334 715 3402 l)
754 3334 1101 3405 Compendiis
1138 3327 1396 3389 librarius
1432 3351 1556 3388 raro
1594 3352 1723 3388 usus
1761 3336 1859 3389 est.
1936 3334 2185 3389 Naberus
2223 3334 2391 3403 praef.
2422 3352 2474 3402 p.
2508 3333 2627 3385 XII.
2660 3350 2699 3385 s.
2729 3332 2766 3385 f.

524 3427 636 3481 tria
673 3425 946 3481 enotavit:
997 3426 1042 3491 Q
1087 3447 1146 3470 =
1189 3442 1322 3493 que;
1360 3425 1405 3477 B
1449 3445 1509 3469 =
1550 3411 1696 3489 bus,
1716 3425 1851 3494 Imp.
1897 3447 1958 3470 =
1999 3425 2320 3493 Imperator.
2415 3420 2556 3473 Vide
2594 3419 2767 3472 etiam

526 3516 963 3570 Studemundum
1016 3515 1052 3567 1.
1111 3533 1154 3568 c.
1211 3532 1262 3582 p.
1320 3513 1452 3568 VIII
1510 3513 1633 3568 adn.
1694 3515 1741 3568 1.
1850 3514 2056 3580 Quibus
2123 3510 2250 3564 addi
2312 3509 2540 3577 possunt
2604 3507 2764 3560 haec:

524 3624 659 3674 resp.
704 3627 765 3650 =
804 3603 1138 3673 respublica3
1178 3604 1226 3656 R
1269 3625 1330 3648 =
1371 3602 1700 3673 rescriptum
1756 3604 1824 3657 cf.
1880 3602 2021 3655 Nab.
2062 3617 2112 3668 p.
2155 3598 2223 3653 78
2279 3596 2402 3650 adn.
2444 3598 2491 3650 2.
2567 3595 2764 3666 Singu-

524 3696 639 3749 lare
685 3696 873 3749 autem
918 3696 1018 3758 est,
1075 3693 1221 3760 quod
1258 3692 1512 3749 scribitur
1567 3712 1619 3763 p.
1660 3694 1745 3758 23,
1788 3692 1854 3744 18
1911 3689 2032 3742 libr.
2091 3705 2131 3740 s.
2192 3707 2253 3731 =
2311 3685 2452 3740 libro
2507 3685 2765 3751 secund03

524 3803 576 3853 p.
619 3785 701 3849 14,
743 3784 807 3837 15
845 3799 1049 3851 procos.
1094 3803 1155 3826 =
1195 3781 1530 3852 proconsulis
1541 3805 1555 3848 3
1599 3782 1718 3846 183,
1763 3780 1827 3833 14
1863 3779 1918 3832 N
1951 3799 2010 3823 =
2042 3776 2315 3839 nostrum3
2356 3774 2481 3843 (hoc
2517 3793 2765 3845 compen-

525 3873 677 3926 dium
714 3871 919 3928 ocurrit
956 3870 1127 3926 etiam
1182 3890 1232 3940 p.
1276 3872 1396 3938 186,
1439 3872 1503 3927 17
1544 3874 1601 3925 et
1643 3871 1759 3934 187,
1798 3868 1906 3935 22.)
1999 3866 2104 3919 Pro
2158 3864 2393 3919 relativo
2448 3864 2767 3934 pronomine

526 3963 699 4031 ‘quae'
738 3960 993 4016 librarius
1030 3960 1324 4029 aliquoties
1360 3960 1667 4030 particulae
1704 3955 2087 4026 compendium
2115 3954 2364 4009 exaravit
2409 3955 2476 4010 cf.
2507 3973 2560 4024 p.
2593 3958 2640 4020 7,
2675 3954 2764 4019 18;

523 4054 609 4117 23,
672 4053 696 4104 1
755 4050 1118 4119 (Studemund
1171 4051 1207 4104 1.
1247 4069 1290 4105 c.
1346 4068 1399 4119 p.
1439 4049 1489 4101 V
1544 4047 1667 4115 in.);
1717 4046 1888 4101 etiam
1925 4044 2229 4101 contrarius
2277 4062 2426 4100 error
2462 4046 2643 4114 exstat
2697 4043 2764 4098 cf.

524 4161 574 4211 p.
619 4141 702 4206 12,
744 4142 808 4194 19
846 4143 902 4195 et
939 4141 1092 4196 Stud.
1131 4141 1168 4193 1.
1209 4158 1250 4195 c.
1291 4156 1343 4209 p.
1383 4138 1461 4192 IV
1500 4155 1538 4191 s.
1569 4135 1657 4204 f.);
1694 4155 1746 4205 p.
1778 4137 1849 4189 24
1878 4135 2001 4190 adn.
2039 4136 2126 4200 12;
2165 4154 2217 4204 p.
2247 4135 2314 4188 47
2347 4134 2471 4189 adn.
2504 4134 2561 4198 5;
2599 4132 2765 4187 semel

524 4229 950 4300 deprehenditur
1005 4229 1075 4298 (p.
1116 4230 1237 4295 237,
1278 4229 1332 4298 9)
1383 4232 1421 4300 ’ᾇ
1463 4249 1521 4272 =
1564 4242 1723 4295 quae.
1819 4224 2121 4293 (Assentior
2176 4224 2236 4278 in
2288 4224 2392 4278 hoc
2445 4221 2765 4291 compendio

524 4319 847 4391 explicando
883 4320 1151 4373 Eussnero
1197 4319 1263 4373 cf.
1302 4316 1563 4373 Fleckeis.
1606 4316 1788 4371 annal.
1829 4315 1949 4372 CXI
1988 4313 2170 4383 (1875)
2207 4331 2258 4382 p.
2301 4312 2434 4377 7665
2451 4310 2616 4381 'apud
2652 4312 2763 4365 Na·

521 4411 714 4466 berum
749 4407 982 4480 legitur:
1022 4406 1158 4477 qui.)
