3140 5014
1409 329 1495 393 33

469 528 563 593 Eo
609 529 840 593 certius
883 527 1309 591 imitationem
1353 528 1617 601 statuaS,
1686 523 1855 607 quod
1909 544 2136 587 'omnes
2191 523 2312 587 1οοί
2359 527 2422 585 et
2468 521 2574 585 Li-

340 637 510 701 viani
557 638 620 700 et
666 634 1085 699 Frontoniani
1133 656 1208 697 ex
1254 633 1521 718 singulis
1567 631 1880 715 capitibus
1926 631 2284 714 deprompti
2331 635 2498 694 sunt.

478 743 805 807 Praeterea
850 764 926 806 ex
972 739 1150 804 Livio
1198 740 1575 823 deprompta
1622 760 1749 803 esse
1796 737 2091 802 videntur
2139 737 2322 801 haec:

472 849 626 934 Pag.
687 849 836 926 226,
887 850 927 913 2
974 847 1047 911 F.
1114 847 1362 932 magnis
1426 845 1714 910 auctibus
1777 866 2027 929 augere.
2140 843 2274 907 Liv.
2344 842 2575 907 XXIX.

342 959 446 1022 27.
469 957 540 1031 33
589 954 668 1019 cf.
701 955 891 1019 etiam
922 954 1021 1018 Ps.
1055 953 1204 1019 Sall.
1236 953 1311 1017 de
1359 975 1487 1036 rep.
1538 952 1672 1017 ord.
1707 951 1754 1015 I.
1792 954 1848 1017 7.
1870 953 1943 1026 4;
1988 950 2195 1018 Ebert.
2227 952 2267 1014 l.
2301 973 2351 1015 e.
2386 974 2447 1034 p.
2477 953 2577 1014 11.

475 1062 629 1148 Pag.
684 1063 828 1139 178,
883 1062 966 1126 10
1011 1060 1082 1124 F.
1131 1060 1383 1124 litterae
1429 1060 1767 1123 laureatae.
1835 1058 1968 1122 Liv.
2017 1057 2210 1123 XLV.
2263 1060 2318 1122 1.
2368 1059 2430 1121 6.
2497 1055 2579 1121 cf.

342 1170 488 1234 Tac.
542 1168 751 1253 Agric,
808 1170 916 1243 183
967 1168 1113 1231 hist.
1162 1166 1279 1230 ΙΙΙ.
1333 1167 1436 1232 77.

478 1276 630 1360 Pag.
680 1276 830 1353 206,
885 1276 965 1339 13
1013 1273 1084 1337 F.
1153 1272 1495 1338 desuetudo
1542 1271 1843 1336 bellandi.
1939 1272 2020 1336 cf.
2083 1270 2218 1335 Liv.
2291 1269 2337 1336 I.
2392 1272 2490 1334 19.
2543 1271 2583 1334 2

346 1384 579 1448 desuet.
629 1403 971 1446 armorum.

480 1489 634 1572 Pag.
691 1489 834 1566 128,
884 1488 971 1553 20
1025 1487 1095 1550 F.
1164 1490 1228 1551 et
1295 1486 1443 1565 205,
1500 1487 1580 1551 19
1638 1485 1710 1550 F.
1776 1486 2166 1550 corniculum
2224 1514 2294 1537 =
2348 1484 2588 1548 donum

349 1596 639 1659 militare.
698 1595 778 1658 cf.
827 1595 961 1658 Liv.
1011 1594 1088 1658 X.
1137 1595 1245 1657 44.
1298 1596 1366 1671 5;
1427 1593 1643 1658 eodem
1694 1614 1879 1657 sensu
1926 1596 2132 1656 exstat
2179 1593 2367 1655 etiam
2417 1591 2586 1674 apud

348 1702 520 1769 Suet.
570 1701 645 1765 de
689 1699 780 1766 ill.
830 1723 1097 1786 gramm.
1150 1703 1217 1778 93
1266 1701 1481 1765 Aurel.
1531 1701 1698 1766 Vict.
1750 1701 1863 1763 vir.
1913 1699 2004 1763 ill.
2059 1702 2161 1778 72,
2212 1701 2272 1764 3.

481 1808 634 1892 Pag.
692 1794 816 1873 124
862 1808 1022 1872 med.
1076 1807 1145 1871 F.
1196 1829 1309 1890 per
1354 1829 1581 1871 manus
1628 1806 1778 1891 (von
1825 1806 2016 1870 Hand
2065 1829 2141 1870 zu
2191 1805 2408 1888 Hand)
2456 1804 2588 1871 Liv.

350 1915 429 1979 V.
480 1914 586 1979 51.
635 1916 697 1978 4.

481 2021 638 2106 Pag.
687 2023 953 2100 204‚·17
989 2021 1061 2085 F.
1109 2022 1345 2085 bellum
1380 2020 1635 2086 bellare.
1731 2021 1866 2085 Liv.
1915 2019 2094 2085 VIII.
2126 2020 2323 2095 40.1;
2373 2019 2591 2084 eadem

350 2130 558 2214 figura
603 2129 1027 2212 etymologica
1073 2129 1397 2192 invenitur
1442 2129 1634 2193 etiam
1681 2130 1748 2192 in
1795 2129 2098 2213 Vulgata.

486 2235 578 2299 Ut
623 2234 869 2299 Livium
918 2235 1011 2299 ita
1058 2234 1302 2299 Fronto
1348 2236 1414 2298 in
1464 2236 1752 2318 epistulis
1799 2236 2199 2300 conficiendis
2246 2236 2437 2299 etiam
2468 2233 2593 2298 Ta-

351 2343 547 2406 citum
595 2341 659 2405 in
718 2344 927 2405 mente
995 2340 1236 2419 habuit,
1304 2364 1494 2424 quem
1558 2346 1812 2426 praeter
1877 2342 2243 2425 disputandi
2308 2342 2593 2407 ordinem

357 2451 478 2515 hoc
523 2451 663 2515 loco
712 2470 1172 2534 praeoccupare
1219 2449 1422 2515 liceat.
1520 2449 1733 2535 Atque
1780 2451 2017 2515 recolas
2063 2450 2179 2514 hos
2224 2449 2424 2513 locos:

492 2557 644 2639 Pag.
700 2557 845 2634 144,
896 2558 935 2622 8
986 2556 1057 2624 F.
1130 2558 1559 2623 ‘novissimum
1605 2580 1881 2640 namque
1927 2556 2173 2622 homini
2219 2557 2595 2640 sapientiam

357 2665 589 2729 colenti
637 2664 978 2728 amiculum
1027 2668 1120 2728 est
1165 2664 1408 2748 gloriae
1455 2664 1705 2748 cupido.
1801 2664 1873 2728 Id
1920 2666 2252 2729 novissime
2300 2663 2593 2727 exuitur'.

358 2771 504 2835 Tac.
554 2772 700 2835 hist.
752 2770 862 2835 IV.
913 2772 982 2846 6;
1052 2772 1132 2835 cf.
1182 2772 1374 2835 etiam
1420 2770 1658 2836 Naberi
1716 2771 2198 2837 adnotationem
2264 2771 2344 2835 ad
2391 2765 2597 2833 Fron-

357 2880 525 2943 tonis
570 2880 797 2956 looum,
846 2879 910 2941 in
962 2901 1086 2961 qua
1132 2879 1632 2963 intellegendum
1680 2883 1773 2943 est
1811 2879 2133 2963 Philologi
2167 2880 2457 2943 volumen
2489 2877 2596 2940 de-

358 2987 589 3050 cimum
636 3008 769 3049 non
814 2986 1172 3069 septimum.

494 3092 648 3176 Pag.
699 3093 804 3171 59,
860 3094 941 3156 14
989 3092 1059 3156 F.
1121 3097 1219 3156 ‘ne
1264 3092 1504 3156 liveant
1550 3115 1707 3157 neve
1752 3093 2127 3169 invideant'3
2183 3092 2444 3156 eandem
2491 3110 2597 3176 sy-

362 3221 786 3282 nonymorum
833 3200 1343 3263 coniunctionem
1391 3200 1586 3263 habet
1630 3200 1776 3264 Tac.
1819 3200 1966 3265 dial.
2000 3200 2104 3263 25.
2198 3197 2594 3283 Nipperdey:

365 3305 457 3385 [et
503 3304 811 3385 invidere]
861 3310 925 3368 et
969 3305 1077 3370 liv.

497 3411 650 3496 Pag.
707 3412 852 3489 107,
905 3412 987 3476 14
1033 3410 1105 3474 F.
1174 3414 1562 3495 exemplares
1618 3442 1689 3466 =
1742 3413 2143 3495 exemplaria.
2253 3412 2400 3477 Tac,
2450 3413 2596 3475 hist.

364 3516 474 3584 IV.
507 3518 622 3593 253
670 3518 799 3581 sive
845 3523 939 3584 est
983 3518 1376 3582 substantive
1422 3520 1700 3602 positum
1747 3521 1875 3584 sive
1911 3543 2026 3603 per
2064 3520 2333 3603 ellipsin,
2384 3525 2599 3583 tamen

362 3624 533 3689 solus
580 3623 834 3688 Tacitus
882 3630 946 3689 et
992 3625 1235 3690 Fronto
1283 3626 1374 3689 ita
1420 3625 1619 3690 locuti
1664 3631 1831 3691 sunt.

500 3732 712 3814 Atque
760 3733 857 3795 his
904 3732 1033 3797 fere
1064 3735 1497 3817 quaestionem
1525 3733 1603 3796 de
1632 3735 1954 3799 Frontone
1980 3734 2345 3819 Augusteae
2375 3735 2601 3798 aetatis

363 3840 745 3922 scriptorum
790 3840 1109 3904 imitatore
1157 3840 1533 3904 adumbrare
1559 3841 1935 3906 studuimus
1985 3877 2073 3887 —-
2119 3840 2597 3904 Transeundum

368 3931 535 4011 nunc
582 3948 675 4009 est
715 3946 793 4009 acl
832 3951 1201 4031 argenteam
1229 3951 1522 4012 aetatem.
1626 3948 1718 4012 De
1748 3969 1874 4030 qua
1902 3948 2052 4031 quid
2082 3950 2332 4012 censeat
2359 3947 2599 4011 Fronto

367 4055 795 4138 compluribus
842 4055 993 4119 locis
1059 4054 1339 4119 declarat
1402 4058 1596 4139 atque
1659 4057 1750 4120 ita
1817 4055 2090 4139 quidem,
2156 4059 2230 4119 ut
2291 4078 2603 4120 summam

366 4161 526 4225 iram
572 4162 636 4225 in
685 4161 1024 4225 iudicando
1071 4162 1389 4226 adhibeat.
1502 4162 1758 4227 Etenim
1808 4163 1996 4246 primi
2045 4186 2104 4245 p.
2157 4161 2305 4225 Chr.
2356 4187 2417 4226 n.
2466 4185 2602 4226 sae-

367 4267 491 4330 culi
538 4270 789 4332 litterae
835 4269 1037 4333 vietae
1093 4273 1158 4331 et
1218 4270 1607 4333 tabescentes
1670 4271 1725 4333 ei
1788 4270 2084 4333 videntur
2148 4292 2295 4333 esse.
2406 4270 2487 4333 cf.
2538 4293 2599 4352 p.

374 4375 518 4452 123,
572 4377 830 4441 19--23
901 4377 1073 4440 ‘Post
1121 4375 1483 4460 Augustum
1550 4376 1843 4441 nonnihil
1900 4377 2313 4461 reliquiarum
2367 4378 2492 4439 iam
2541 4379 2604 4438 et

2180 4484 2214 4535 3
