3140 5014
1284 1171 1734 1273 VITA.

1396 1388 1611 1398 ..-
2199 1358 2233 1401 X

517 1530 952 1596 Theodorus
997 1529 1551 1596 Schwierczina
1598 1534 1787 1595 natus
1833 1553 1974 1595 snm
2022 1531 2123 1596 die
2161 1530 2320 1596 VIII
2347 1554 2431 1596 m.
2466 1530 2622 1615 Sep-

382 1639 642 1703 tembris
686 1661 742 1704 a.
792 1638 855 1702 h.
903 1660 950 1702 s,
998 1637 1113 1702 LV
1175 1639 1243 1703 in
1308 1638 1446 1702 vico
1508 1638 1853 1722 superioris
1900 1637 2176 1717 Silesiae,
2242 1639 2343 1702 cui
2391 1659 2623 1703 nomen

383 1749 478 1809 est
521 1744 711 1810 Klein
731 1780 760 1793 -
780 1745 1058 1824 Pauiow,
1116 1745 1484 1829 parentibus
1510 1745 1740 1809 'adhuc
1785 1745 1943 1809 vivis
1988 1745 2030 1810 J
2034 1767 2241 1809 oanne
2287 1749 2351 1809 et
2397 1745 2625 1809 Emma

384 1851 459 1915 de
505 1857 698 1937 gente
741 1851 943 1919 Maus.
1055 1851 1234 1917 Fidei
1297 1851 1586 1916 addictus
1630 1843 1771 1916 sum
1819 1853 2183 1920 catholicae.
2279 1851 2624 1936 Postquam

380 1961 779 2046 gymnasium
830 1959 1238 2046 Bytomiense
1302 1984 1414 2045 per
1476 1984 1702 2026 novem
1769 1984 1973 2026 annos
2030 1962 2432 2045 frequentavi
2487 1985 2623 2025 ma-

379 2051 663 2132 turitatis
706 2069 1143 2132 testimonium
1189 2068 1455 2151 adeptus
1501 2072 1811 2133 autumno
1858 2091 1915 2133 a.
1968 2069 2027 2135 h.
2073 2091 2120 2132 s,
2163 2068 2431 2134 LXXVI
2478 2070 2622 2133 uni-

381 2174 741 2238 versitatem
792 2174 1150 2239 litterarum
1198 2173 1763 2240 Vratislaviensem
1810 2164 1936 2239 adii
1980 2180 2066 2239 ‘et
2125 2176 2349 2240 studiis
2412 2176 2623 2259 philo-

381 2279 598 2363 logieis
645 2302 758 2364 per
812 2279 938 2345 duo
1000 2284 1323 2346 semestris.
1386 2303 1646 2364 operam
1709 2282 1955 2348 navavi.
2067 2282 2310 2346 Deinde
2375 2281 2625 2365 Lipsiae

380 2387 591 2451 studia
637 2389 1021 2467 continuavi,
1069 2388 1194 2453 ubi'
1223 2411 1338 2473 per
1382 2411 1584 2453 unum
1624 2391 1920 2454 semestre
1948 2389 2384 2472 proseminarii
2413 2387 2623 2471 philo-

382 2495 575 2579 logici
619 2494 850 2560 sodalis
898 2494 1013 2560 fui.
1106 2495 1439 2561 Autumno
1487 2519 1544 2560 a.
1595 2495 1657 2560 h.
1707 2518 1755 2563 s,
1786 2494 2121 2561 LXXVIII
2167 2494 2624 2561 Vratislaviam

383 2601 540 2666 redii
593 2601 950 2686 ibidemque
1015 2603 1574 2668 exercitationibus
1638 2603 1958 2668 seminarii
2025 2603 2182 2688 regii
2249 2603 2620 2687 philologici

382 2708 645 2773 interfui
674 2731 786 2793 per
816 2732 1017 2774 unum
1043 2694 1339 2775 semestre
1378 2709 1610 2776 sodalis
1637 2710 2178 2775 extraordinarius
2210 2732 2323 2793 per
2350 2708 2621 2773 alterum

382 2815 751 2882 ordinarius,
851 2815 1110 2882 Scholas
1158 2817 1560 2901 frequentavi
1607 2814 1841 2882 horum
1894 2817 2294 2901 potissimum
2341 2817 2617 2880 virorum

378 2924 752 2989 illustrium:
799 2924 1080 3009 Lipsiae:
1130 2924 1470 3006 CurtiuS,
1501 2925 1850 3006 Heintze,
1881 2925 2211 3011 Lipsius,
2248 2925 2621 3003 Ribbeck,

379 3030 741 3110 Zarncke3
830 3032 1282 3098 Vratislaviae:
1387 3017 1739 3117 Dilthey‚
1832 3032 2099 3110 Hertz,
2193 3032 2618 3110 Neumann,

383 3136 724 3216 Partsch,
800 3138 1388 3218 Reifferscheid,
1465 3134 1821 3224 Roepell,
1882 3140 2298 3218 Rossbach,
2359 3139 2622 3203 Wein-

381 3244 580 3308 hold.
696 3243 934 3319 Quibus
1009 3246 1159 3309 viris
1233 3246 1524 3311 omnibus
1597 3238 1837 3332 gratias
1912 3268 2081 3310 nunc
2147 3245 2349 3310 habeo
2428 3268 2618 3330 quam

381 3351 687 3415 maximas
730 3372 1099 3435 semperque
1143 3351 1403 3418 habebo.
