3140 5014
553 1062 1416 1159 SENTENTIAE:
1475 1063 2633 1187 CONTROVERSAE.

570 1371 618 1434 Ι.

685 1368 1227 1434 Verisimillimum
1277 1375 1371 1435 est
1418 1370 1784 1435 Alcmanern
1832 1370 2115 1435 floruisse
2161 1371 2324 1436 eirea
2372 1369 2471 1436 Ol.
2513 1370 2707 1439 XLII.

537 1475 620 1539 11.
689 1475 881 1559 Soph.
930 1475 1153 1540 Traeh.
1205 1498 1261 1542 v.
1310 1477 1440 1542 585
1492 1480 1602 1562 τὴν
1656 1477 1839 1540 παῖδα
1892 1480 1998 1540 καὶ
2052 1479 2385 1561 θέλκτροισι
2436 1488 2559 1549 τοῖς
2615 1475 2706 1564 ἐφ’

508 1689 615 1754 ΙΙΙ.

521 2437 628 2503 IV.

525 3186 636 3252 VI.

493 3506 637 3572 VII.

683 1580 969 1667 Ἡρακλεῖ
1016 1581 1309 1648 Wunder
1355 1589 1418 1648 et
1464 1582 1794 1648 Wecklein
1857 1583 2018 1649 male
2065 1607 2099 1647 e
2145 1589 2325 1649 textu
2374 1586 2726 1665 eiecerunt„

683 1689 877 1756 Thuc.
927 1689 1003 1754 V.
1037 1691 1143 1756 47.
1181 1692 1255 1754 11
1289 1691 1354 1755 in
1386 1691 1619 1779 verbisff
1668 1694 1777 1763 τὰς
1824 1691 1887 1754 δὲ
1933 1690 2235 1778 ξονθήκας
2269 1727 2346 1737 -
2381 1690 2712 1778 ἀναγράψαι

689 1794 750 1861 ἐν
793 1798 984 1882 στήλῃ
1014 1798 1209 1882 λιθίνῃ
1236 1795 1600 1883 Ἀθηναίους
1646 1802 1751 1884 μὲν
1794 1796 1856 1863 ἐν
1898 1799 2063 1862 πόλει
2109 1798 2270 1883 (παρ’
2300 1796 2542 1885 Ἀθηνᾷ
2572 1799 2712 1864 add.

687 1902 1024 1985 Meineke)‚
1090 1901 1390 1989 Ἀργείους
1459 1906 1521 1967 δὲ
1577 1903 1639 1970 ἐν
1696 1903 1884 1989 ἀγορᾷ
1931 1903 1993 1969 ἐν
2034 1915 2139 1971 τοῦ
2184 1903 2568 1979 Ἀπόλλωνος
2630 1919 2715 1990 τῷ

687 2006 840 2095 ἱερῷ,
894 2007 1221 2083 Μαντινέας
1268 2012 1330 2075 δὲ
1375 2009 1436 2076 ἐν
1478 2020 1584 2077 τοῦ
1630 2009 1769 2084 Διὸς
1812 2024 1897 2097 τῷ
1950 2009 2081 2097 ἱερῷ
2128 2011 2189 2076 ἐν
2231 2023 2306 2098 τῇ
2355 2011 2544 2097 ἀγορᾷ
2601 2036 2714 2097 pa-

690 2118 1067 2183 rallelismus
1127 2118 1422 2185 turbatus
1485 2123 1582 2183 est
1643 2124 1708 2183 et
1752 2142 1869 2203 pro
1914 2106 1990 2184 ἐν’
2017 2131 2093 2205 τῇ
2143 2118 2329 2204 ἀγορᾷ
2378 2120 2715 2205 legendum

691 2224 938 2289 videtur
982 2246 1110 2289 esse
1156 2223 1218 2290 ἐν
1263 2224 1480 2310 ἀγορᾷ;
1546 2225 1697 2289 ibid.
1748 2226 1941 2309 paulo
2008 2231 2151 2310 post
2214 2249 2330 2310 pro
2390 2225 2495 2292 ἐὰν
2549 2227 2612 2290 δέ
2664 2250 2718 2291 τι

692 2332 844 2417 δοκῇ
892 2332 1150 2417 legerim
1198 2329 1270 2418 ἢν
1315 2332 1378 2395 δέ
1420 2355 1473 2398 τι
1519 2333 1691 2418 δοκῇ.

697 2437 835 2504 Sen.
885 2442 1089 2505 contr.
1138 2438 1223 2502 Il.
1280 2441 1335 2503 1.
1391 2440 1473 2503 10
1518 2462 1581 2523 p.
1628 2441 1772 2519 157,
1823 2439 1908 2503 23
1954 2438 2036 2502 K.
2089 2440 2310 2503 ‘omnis
2357 2440 2530 2525 regio
2578 2445 2717 2503 tru-

693 2545 1047 2612 cidatorum
1093 2547 1461 2630 corporibus
1514 2547 1970 2623 consternitur3
2034 2547 2156 2629 (in)
2202 2547 2314 2610 illa
2367 2552 2506 2611 tum
2556 2548 2720 2615 mul-

695 2654 969 2718 titudine
1034 2652 1428 2718 cadaverum'
1485 2657 1653 2718 reete
1710 2653 2067 2739 Madvigius
2128 2654 2395 2718 inseruit
2452 2676 2721 2737 praepo-

696 2760 988 2824 sitionem
1041 2761 1167 2839 ‘in'‚
1217 2761 1337 2824 nisi
1385 2760 1552 2844 quod
1601 2759 1949 2824 traicienda
1995 2766 2088 2825 esi]
2134 2764 2278 2844 post
2325 2761 2524 2825 ‘tum'.

696 2864 857 2930 Gell.
907 2864 965 2929 X
1005 2870 1041 2931 8
1090 2866 1237 2934 th.
1283 2889 1400 2950 pro
1450 2867 1796 2951 ‘sanguinis
1844 2866 2286 2932 dimissionem'
2336 2869 2401 2931 et
2447 2867 2724 2952 ‘sangui-

698 2994 840 3037 nem
876 2973 1132 3038 dimitti’
1163 2972 1501 3059 legendum
1539 2995 1668 3036 esse
1709 2976 1863 3053 puto
1896 2974 2241 3059 ‘sanguinis
2269 2973 2722 3037 demissionem'

702 3085 767 3144 et
815 3080 1207 3167 ‘sanguinem
1256 3080 1542 3147 demitti&

705 3187 1040 3271 Perperam
1106 3187 1395 3252 Naberus
1460 3188 1527 3251 in
1593 3186 1867 3252 editione
1935 3185 2275 3251 Frontonis
2340 3187 2419 3251 ad
2487 3187 2723 3253 Auton.

704 3292 866 3377 Imp.
915 3293 1059 3357 libri
1123 3293 1376 3358 secundi
1439 3294 1739 3377 epistulas
1805 3293 1961 3357 duas
2024 3297 2334 3357 extremas
2389 3294 2605 3385 reiecit
2659 3294 2726 3356 in

707 3400 935 3464 librum
983 3400 1324 3465 secundum
1373 3400 1450 3464 ad
1499 3399 1587 3466 M.
1636 3399 1982 3464 Caesarem.

705 3506 915 3571 Codex
946 3506 1420 3571 Frontonianus
1466 3530 1504 3570 a
1534 3506 1706 3571 Maio
1758 3512 1828 3570 ut
1874 3507 2079 3589 primo
2110 3506 2453 3571 Frontonis
2487 3472 2730 3571 editore

703 3614 856 3679 satis
901 3617 1191 3682 accurate
1237 3613 1587 3698 descriptus
1632 3617 1743 3682 est.
