<?xml version="1.0" encoding="UTF-8"?>
<!DOCTYPE html PUBLIC "-//W3C//DTD XHTML 1.0 Transitional//EN"
    "http://www.w3.org/TR/xhtml1/DTD/xhtml1-transitional.dtd">
<html xmlns="http://www.w3.org/1999/xhtml" xml:lang="en" lang="en">
 <head>
  <title>
</title>
<meta http-equiv="Content-Type" content="text/html;charset=utf-8" />
  <meta name='ocr-system' content='tesseract 3.04.00' />
  <meta name='ocr-capabilities' content='ocr_page ocr_carea ocr_par ocr_line ocrx_word'/>
</head>
<body>
  <div class='ocr_page' id='page_1' title='image "./frontoniana00bresgoog_0012.png"; bbox 0 0 3140 5014; ppageno 0'>
   <div class='ocr_carea' id='block_1_1' title="bbox 1672 333 1718 411">
    <p class='ocr_par' dir='ltr' id='par_1_1' title="bbox 1672 333 1718 411">
     <span class='ocr_line' id='line_1_1' title="bbox 1672 333 1718 411; baseline 0 0"><span class='ocrx_word' id='word_1_1' title='bbox 1672 333 1718 411; x_wconf 80' lang='lat'>4</span> 
     </span>
    </p>
   </div>
   <div class='ocr_carea' id='block_1_2' title="bbox 1475 429 1899 447">
    <p class='ocr_par' dir='ltr' id='par_1_2' title="bbox 1475 429 1899 447">
     <span class='ocr_line' id='line_1_2' title="bbox 1475 429 1899 447; baseline 0 4567"><span class='ocrx_word' id='word_1_2' title='bbox 1475 429 1899 447; x_wconf 95' lang='lat' dir='ltr'> </span> 
     </span>
    </p>
   </div>
   <div class='ocr_carea' id='block_1_3' title="bbox 556 538 2803 1053">
    <p class='ocr_par' dir='ltr' id='par_1_3' title="bbox 556 538 2803 1053">
     <span class='ocr_line' id='line_1_3' title="bbox 564 538 2803 626; baseline 0.002 -22"><span class='ocrx_word' id='word_1_3' title='bbox 564 538 810 606; x_wconf 88' lang='lat' dir='ltr'>rentem</span> <span class='ocrx_word' id='word_1_4' title='bbox 855 540 1273 606; x_wconf 86' lang='lat' dir='ltr'>restituendas</span> <span class='ocrx_word' id='word_1_5' title='bbox 1318 541 1663 626; x_wconf 85' lang='lat' dir='ltr'><strong>quidquam</strong></span> <span class='ocrx_word' id='word_1_6' title='bbox 1712 543 2015 626; x_wconf 86' lang='lat' dir='ltr'>proficere</span> <span class='ocrx_word' id='word_1_7' title='bbox 2054 542 2309 626; x_wconf 89' lang='lat' dir='ltr'>possent</span> <span class='ocrx_word' id='word_1_8' title='bbox 2352 581 2426 591; x_wconf 90' lang='lat'><strong>—</strong></span> <span class='ocrx_word' id='word_1_9' title='bbox 2471 538 2803 609; x_wconf 88' lang='lat' dir='ltr'>hominum</span> 
     </span>
     <span class='ocr_line' id='line_1_4' title="bbox 559 648 2801 735; baseline 0.002 -24"><span class='ocrx_word' id='word_1_10' title='bbox 559 648 818 732; x_wconf 91' lang='lat' dir='ltr'>ingenia</span> <span class='ocrx_word' id='word_1_11' title='bbox 864 649 1076 713; x_wconf 89' lang='lat' dir='ltr'>vincta</span> <span class='ocrx_word' id='word_1_12' title='bbox 1123 654 1186 714; x_wconf 91' lang='lat' dir='ltr'>et</span> <span class='ocrx_word' id='word_1_13' title='bbox 1250 671 1545 732; x_wconf 87' lang='lat' dir='ltr'>oppressa</span> <span class='ocrx_word' id='word_1_14' title='bbox 1609 649 2009 729; x_wconf 84' lang='lat' dir='ltr'>tenebantur,</span> <span class='ocrx_word' id='word_1_15' title='bbox 2077 650 2233 714; x_wconf 88' lang='lat' dir='ltr'>adeo</span> <span class='ocrx_word' id='word_1_16' title='bbox 2300 651 2586 735; x_wconf 86' lang='lat' dir='ltr'>languidi</span> <span class='ocrx_word' id='word_1_17' title='bbox 2652 675 2801 716; x_wconf 93' lang='lat' dir='ltr'>con-</span> 
     </span>
     <span class='ocr_line' id='line_1_5' title="bbox 559 753 2800 840; baseline 0.002 -23"><span class='ocrx_word' id='word_1_18' title='bbox 559 753 832 837; x_wconf 90' lang='lat' dir='ltr'>fectique</span> <span class='ocrx_word' id='word_1_19' title='bbox 880 759 1083 834; x_wconf 89' lang='lat' dir='ltr'>erant,</span> <span class='ocrx_word' id='word_1_20' title='bbox 1149 761 1223 820; x_wconf 93' lang='lat' dir='ltr'>ut</span> <span class='ocrx_word' id='word_1_21' title='bbox 1270 756 1578 820; x_wconf 89' lang='lat' dir='ltr'>orationis</span> <span class='ocrx_word' id='word_1_22' title='bbox 1626 755 1920 821; x_wconf 86' lang='lat' dir='ltr'>libertate</span> <span class='ocrx_word' id='word_1_23' title='bbox 1967 756 2215 821; x_wconf 86' lang='lat' dir='ltr'>reddita</span> <span class='ocrx_word' id='word_1_24' title='bbox 2277 762 2531 840; x_wconf 88' lang='lat' dir='ltr'>praeter</span> <span class='ocrx_word' id='word_1_25' title='bbox 2594 758 2800 823; x_wconf 87' lang='lat' dir='ltr'>decla-</span> 
     </span>
     <span class='ocr_line' id='line_1_6' title="bbox 558 862 2800 947; baseline 0.002 -22"><span class='ocrx_word' id='word_1_26' title='bbox 558 863 870 927; x_wconf 89' lang='lat' dir='ltr'>mationes</span> <span class='ocrx_word' id='word_1_27' title='bbox 915 863 1022 926; x_wconf 84' lang='lat' dir='ltr'>vix</span> <span class='ocrx_word' id='word_1_28' title='bbox 1068 862 1416 946; x_wconf 87' lang='lat' dir='ltr'><strong>quidquam</strong></span> <span class='ocrx_word' id='word_1_29' title='bbox 1469 863 1753 946; x_wconf 90' lang='lat' dir='ltr'>proferre</span> <span class='ocrx_word' id='word_1_30' title='bbox 1816 867 2090 947; x_wconf 87' lang='lat' dir='ltr'>possent.</span> <span class='ocrx_word' id='word_1_31' title='bbox 2206 863 2304 927; x_wconf 91' lang='lat' dir='ltr'>Ita</span> <span class='ocrx_word' id='word_1_32' title='bbox 2367 864 2620 930; x_wconf 87' lang='lat' dir='ltr'>litterae</span> <span class='ocrx_word' id='word_1_33' title='bbox 2667 865 2800 929; x_wconf 84' lang='lat' dir='ltr'>Ro-</span> 
     </span>
     <span class='ocr_line' id='line_1_7' title="bbox 556 969 2799 1053; baseline 0.003 -21"><span class='ocrx_word' id='word_1_34' title='bbox 556 991 783 1033; x_wconf 83' lang='lat' dir='ltr'>manae</span> <span class='ocrx_word' id='word_1_35' title='bbox 828 973 1096 1034; x_wconf 85' lang='lat' dir='ltr'>exeunte</span> <span class='ocrx_word' id='word_1_36' title='bbox 1141 975 1443 1053; x_wconf 87' lang='lat' dir='ltr'>argentea</span> <span class='ocrx_word' id='word_1_37' title='bbox 1491 975 1702 1034; x_wconf 90' lang='lat' dir='ltr'>aetate</span> <span class='ocrx_word' id='word_1_38' title='bbox 1744 969 1943 1034; x_wconf 87' lang='lat' dir='ltr'>ferme</span> <span class='ocrx_word' id='word_1_39' title='bbox 1989 970 2362 1035; x_wconf 89' lang='lat' dir='ltr'>interiturae</span> <span class='ocrx_word' id='word_1_40' title='bbox 2400 971 2799 1038; x_wconf 89' lang='lat' dir='ltr'>videbantur.</span> 
     </span>
    </p>
   </div>
   <div class='ocr_carea' id='block_1_4' title="bbox 689 1094 2896 1179">
    <p class='ocr_par' dir='ltr' id='par_1_4' title="bbox 689 1094 2896 1179">
     <span class='ocr_line' id='line_1_8' title="bbox 689 1094 2896 1179; baseline 0.001 -20"><span class='ocrx_word' id='word_1_41' title='bbox 689 1094 931 1159; x_wconf 91' lang='lat' dir='ltr'>Verum</span> <span class='ocrx_word' id='word_1_42' title='bbox 975 1096 1234 1178; x_wconf 81' lang='lat' dir='ltr'>propria</span> <span class='ocrx_word' id='word_1_43' title='bbox 1282 1095 1553 1179; x_wconf 89' lang='lat' dir='ltr'>quadam</span> <span class='ocrx_word' id='word_1_44' title='bbox 1603 1097 1849 1160; x_wconf 92' lang='lat' dir='ltr'>ratione</span> <span class='ocrx_word' id='word_1_45' title='bbox 1896 1096 2122 1173; x_wconf 91' lang='lat' dir='ltr'>evenit,</span> <span class='ocrx_word' id='word_1_46' title='bbox 2174 1098 2247 1159; x_wconf 94' lang='lat' dir='ltr'>ut</span> <span class='ocrx_word' id='word_1_47' title='bbox 2275 1116 2405 1158; x_wconf 93' lang='lat' dir='ltr'>non</span> <span class='ocrx_word' id='word_1_48' title='bbox 2436 1097 2642 1160; x_wconf 91' lang='lat' dir='ltr'>solum</span> <span class='ocrx_word' id='word_1_49' title='bbox 2670 1119 2797 1161; x_wconf 93' lang='lat' dir='ltr'>non</span> <span class='ocrx_word' id='word_1_50' title='bbox 2869 1115 2896 1129; x_wconf 33' lang='lat' dir='ltr'>v</span> 
     </span>
    </p>
   </div>
   <div class='ocr_carea' id='block_1_5' title="bbox 553 1202 2799 1605">
    <p class='ocr_par' dir='ltr' id='par_1_5' title="bbox 553 1202 2799 1605">
     <span class='ocr_line' id='line_1_9' title="bbox 557 1202 2799 1286; baseline 0.001 -22"><span class='ocrx_word' id='word_1_51' title='bbox 557 1202 857 1284; x_wconf 89' lang='lat' dir='ltr'>perirent,</span> <span class='ocrx_word' id='word_1_52' title='bbox 904 1202 1013 1266; x_wconf 90' lang='lat' dir='ltr'>sed</span> <span class='ocrx_word' id='word_1_53' title='bbox 1059 1204 1282 1266; x_wconf 90' lang='lat' dir='ltr'>contra</span> <span class='ocrx_word' id='word_1_54' title='bbox 1327 1203 1480 1266; x_wconf 88' lang='lat' dir='ltr'>novi</span> <span class='ocrx_word' id='word_1_55' title='bbox 1527 1203 1761 1286; x_wconf 89' lang='lat' dir='ltr'>vigoris</span> <span class='ocrx_word' id='word_1_56' title='bbox 1808 1205 1873 1267; x_wconf 92' lang='lat' dir='ltr'>et</span> <span class='ocrx_word' id='word_1_57' title='bbox 1917 1202 2123 1267; x_wconf 88' lang='lat' dir='ltr'>cultus</span> <span class='ocrx_word' id='word_1_58' title='bbox 2159 1202 2430 1285; x_wconf 89' lang='lat' dir='ltr'>speciem</span> <span class='ocrx_word' id='word_1_59' title='bbox 2476 1203 2799 1285; x_wconf 88' lang='lat' dir='ltr'>quandam</span> 
     </span>
     <span class='ocr_line' id='line_1_10' title="bbox 553 1308 2797 1391; baseline 0.001 -20"><span class='ocrx_word' id='word_1_60' title='bbox 553 1330 709 1391; x_wconf 86' lang='lat' dir='ltr'>prae</span> <span class='ocrx_word' id='word_1_61' title='bbox 764 1329 827 1372; x_wconf 87' lang='lat' dir='ltr'>se</span> <span class='ocrx_word' id='word_1_62' title='bbox 892 1308 1150 1373; x_wconf 85' lang='lat' dir='ltr'>ferrent.</span> <span class='ocrx_word' id='word_1_63' title='bbox 1253 1308 1577 1372; x_wconf 90' lang='lat' dir='ltr'>Putabant</span> <span class='ocrx_word' id='word_1_64' title='bbox 1641 1309 1808 1372; x_wconf 91' lang='lat' dir='ltr'>enim</span> <span class='ocrx_word' id='word_1_65' title='bbox 1874 1309 2160 1373; x_wconf 89' lang='lat' dir='ltr'>homines</span> <span class='ocrx_word' id='word_1_66' title='bbox 2206 1308 2361 1387; x_wconf 89' lang='lat' dir='ltr'>fore,</span> <span class='ocrx_word' id='word_1_67' title='bbox 2411 1312 2485 1372; x_wconf 90' lang='lat' dir='ltr'>ut</span> <span class='ocrx_word' id='word_1_68' title='bbox 2547 1310 2797 1374; x_wconf 86' lang='lat' dir='ltr'>litterae</span> 
     </span>
     <span class='ocr_line' id='line_1_11' title="bbox 556 1415 2798 1499; baseline 0.001 -21"><span class='ocrx_word' id='word_1_69' title='bbox 556 1419 1004 1480; x_wconf 78' lang='lat' dir='ltr'>marcescentes</span> <span class='ocrx_word' id='word_1_70' title='bbox 1068 1415 1512 1479; x_wconf 74' lang='lat' dir='ltr'>reviviscerent</span> <span class='ocrx_word' id='word_1_71' title='bbox 1585 1419 1778 1499; x_wconf 91' lang='lat' dir='ltr'>atque</span> <span class='ocrx_word' id='word_1_72' title='bbox 1853 1416 2322 1480; x_wconf 89' lang='lat' dir='ltr'>reflorescerent</span> <span class='ocrx_word' id='word_1_73' title='bbox 2385 1415 2798 1499; x_wconf 87' lang='lat' dir='ltr'>antiquorum</span> 
     </span>
     <span class='ocr_line' id='line_1_12' title="bbox 554 1521 1370 1605; baseline 0.001 -19"><span class='ocrx_word' id='word_1_74' title='bbox 554 1523 765 1586; x_wconf 89' lang='lat' dir='ltr'>studio</span> <span class='ocrx_word' id='word_1_75' title='bbox 813 1527 875 1587; x_wconf 89' lang='lat' dir='ltr'>et</span> <span class='ocrx_word' id='word_1_76' title='bbox 919 1523 1295 1587; x_wconf 74' lang='lat' dir='ltr'>imitatione.</span> <span class='ocrx_word' id='word_1_77' title='bbox 1321 1521 1370 1605; x_wconf 88' lang='lat'>1)</span> 
     </span>
    </p>
   </div>
   <div class='ocr_carea' id='block_1_6' title="bbox 549 1646 2794 2367">
    <p class='ocr_par' dir='ltr' id='par_1_6' title="bbox 549 1646 2794 2367">
     <span class='ocr_line' id='line_1_13' title="bbox 687 1646 2794 1730; baseline -0.001 -18"><span class='ocrx_word' id='word_1_78' title='bbox 687 1646 909 1730; x_wconf 91' lang='lat' dir='ltr'>Neque</span> <span class='ocrx_word' id='word_1_79' title='bbox 956 1670 1029 1711; x_wconf 91' lang='lat' dir='ltr'>ea</span> <span class='ocrx_word' id='word_1_80' title='bbox 1075 1668 1173 1710; x_wconf 86' lang='lat' dir='ltr'>res</span> <span class='ocrx_word' id='word_1_81' title='bbox 1209 1646 1380 1730; x_wconf 92' lang='lat' dir='ltr'>apud</span> <span class='ocrx_word' id='word_1_82' title='bbox 1412 1647 1739 1711; x_wconf 85' lang='lat' dir='ltr'>Romanos</span> <span class='ocrx_word' id='word_1_83' title='bbox 1765 1646 1967 1711; x_wconf 90' lang='lat' dir='ltr'>solum</span> <span class='ocrx_word' id='word_1_84' title='bbox 2002 1646 2247 1711; x_wconf 89' lang='lat' dir='ltr'>accidit.</span> <span class='ocrx_word' id='word_1_85' title='bbox 2344 1646 2598 1711; x_wconf 86' lang='lat' dir='ltr'>Etenim</span> <span class='ocrx_word' id='word_1_86' title='bbox 2624 1647 2794 1730; x_wconf 91' lang='lat' dir='ltr'>apud</span> 
     </span>
     <span class='ocr_line' id='line_1_14' title="bbox 555 1753 2794 1836; baseline -0.001 -18"><span class='ocrx_word' id='word_1_87' title='bbox 555 1776 770 1818; x_wconf 91' lang='lat' dir='ltr'>omnes</span> <span class='ocrx_word' id='word_1_88' title='bbox 833 1753 965 1817; x_wconf 88' lang='lat' dir='ltr'>fere</span> <span class='ocrx_word' id='word_1_89' title='bbox 1037 1754 1326 1817; x_wconf 84' lang='lat' dir='ltr'>nationes</span> <span class='ocrx_word' id='word_1_90' title='bbox 1399 1753 1865 1817; x_wconf 88' lang='lat' dir='ltr'>animadvertas</span> <span class='ocrx_word' id='word_1_91' title='bbox 1929 1753 2205 1832; x_wconf 77' lang='lat' dir='ltr'>litteraS,</span> <span class='ocrx_word' id='word_1_92' title='bbox 2281 1753 2664 1836; x_wconf 88' lang='lat' dir='ltr'>simulatque</span> <span class='ocrx_word' id='word_1_93' title='bbox 2726 1755 2794 1816; x_wconf 92' lang='lat' dir='ltr'>in</span> 
     </span>
     <span class='ocr_line' id='line_1_15' title="bbox 551 1844 2792 1943; baseline 0 -20"><span class='ocrx_word' id='word_1_94' title='bbox 551 1844 978 1943; x_wconf 82' lang='lat' dir='ltr'>praestantiae</span> <span class='ocrx_word' id='word_1_95' title='bbox 1025 1848 1353 1943; x_wconf 86' lang='lat' dir='ltr'>fastigium</span> <span class='ocrx_word' id='word_1_96' title='bbox 1400 1860 1724 1941; x_wconf 86' lang='lat' dir='ltr'>quoddam</span> <span class='ocrx_word' id='word_1_97' title='bbox 1769 1859 2177 1938; x_wconf 88' lang='lat' dir='ltr'>escenderint,</span> <span class='ocrx_word' id='word_1_98' title='bbox 2224 1860 2539 1943; x_wconf 88' lang='lat' dir='ltr'>paulatim</span> <span class='ocrx_word' id='word_1_99' title='bbox 2569 1860 2792 1924; x_wconf 89' lang='lat' dir='ltr'>deinde</span> 
     </span>
     <span class='ocr_line' id='line_1_16' title="bbox 553 1965 2792 2050; baseline -0 -20"><span class='ocrx_word' id='word_1_100' title='bbox 553 1967 885 2050; x_wconf 89' lang='lat' dir='ltr'>depravari</span> <span class='ocrx_word' id='word_1_101' title='bbox 948 1966 1386 2049; x_wconf 83' lang='lat' dir='ltr'>hominesque,</span> <span class='ocrx_word' id='word_1_102' title='bbox 1463 1988 1605 2030; x_wconf 89' lang='lat' dir='ltr'>cum</span> <span class='ocrx_word' id='word_1_103' title='bbox 1671 1990 1747 2031; x_wconf 88' lang='lat' dir='ltr'>ex</span> <span class='ocrx_word' id='word_1_104' title='bbox 1809 1965 2257 2045; x_wconf 85' lang='lat' dir='ltr'>fundamentO,</span> <span class='ocrx_word' id='word_1_105' title='bbox 2333 1966 2500 2049; x_wconf 91' lang='lat' dir='ltr'>quod</span> <span class='ocrx_word' id='word_1_106' title='bbox 2567 1967 2792 2050; x_wconf 89' lang='lat' dir='ltr'>optimi</span> 
     </span>
     <span class='ocr_line' id='line_1_17' title="bbox 551 2073 2791 2157; baseline -0 -19"><span class='ocrx_word' id='word_1_107' title='bbox 551 2078 840 2139; x_wconf 84' lang='lat' dir='ltr'>auctores</span> <span class='ocrx_word' id='word_1_108' title='bbox 886 2073 1301 2152; x_wconf 89' lang='lat' dir='ltr'>condiderint,</span> <span class='ocrx_word' id='word_1_109' title='bbox 1350 2074 1595 2137; x_wconf 86' lang='lat' dir='ltr'>litteras</span> <span class='ocrx_word' id='word_1_110' title='bbox 1641 2073 1985 2156; x_wconf 86' lang='lat' dir='ltr'>producere</span> <span class='ocrx_word' id='word_1_111' title='bbox 2023 2095 2156 2137; x_wconf 94' lang='lat' dir='ltr'>non</span> <span class='ocrx_word' id='word_1_112' title='bbox 2186 2075 2445 2157; x_wconf 84' lang='lat' dir='ltr'>possint,</span> <span class='ocrx_word' id='word_1_113' title='bbox 2496 2075 2791 2156; x_wconf 88' lang='lat' dir='ltr'>antiquos</span> 
     </span>
     <span class='ocr_line' id='line_1_18' title="bbox 549 2180 2792 2264; baseline -0.001 -20"><span class='ocrx_word' id='word_1_114' title='bbox 549 2181 885 2264; x_wconf 87' lang='lat' dir='ltr'>scriptores</span> <span class='ocrx_word' id='word_1_115' title='bbox 931 2181 1281 2264; x_wconf 85' lang='lat' dir='ltr'>amplexari</span> <span class='ocrx_word' id='word_1_116' title='bbox 1337 2202 1679 2263; x_wconf 91' lang='lat' dir='ltr'>eorumque</span> <span class='ocrx_word' id='word_1_117' title='bbox 1724 2180 2013 2264; x_wconf 86' lang='lat' dir='ltr'>linguam</span> <span class='ocrx_word' id='word_1_118' title='bbox 2078 2202 2369 2245; x_wconf 91' lang='lat' dir='ltr'>revocare</span> <span class='ocrx_word' id='word_1_119' title='bbox 2434 2181 2653 2260; x_wconf 90' lang='lat' dir='ltr'>solere,</span> <span class='ocrx_word' id='word_1_120' title='bbox 2719 2184 2792 2243; x_wconf 92' lang='lat' dir='ltr'>ut</span> 
     </span>
     <span class='ocr_line' id='line_1_19' title="bbox 550 2288 1761 2367; baseline 0.002 -16"><span class='ocrx_word' id='word_1_121' title='bbox 550 2309 905 2352; x_wconf 87' lang='lat' dir='ltr'>sermonem</span> <span class='ocrx_word' id='word_1_122' title='bbox 949 2288 1237 2352; x_wconf 89' lang='lat' dir='ltr'>reficiant</span> <span class='ocrx_word' id='word_1_123' title='bbox 1283 2291 1347 2352; x_wconf 93' lang='lat' dir='ltr'>et</span> <span class='ocrx_word' id='word_1_124' title='bbox 1371 2288 1761 2367; x_wconf 79' lang='lat' dir='ltr'>reforment.</span> 
     </span>
    </p>
   </div>
   <div class='ocr_carea' id='block_1_7' title="bbox 552 2410 2794 3136">
    <p class='ocr_par' dir='ltr' id='par_1_7' title="bbox 552 2410 2794 3136">
     <span class='ocr_line' id='line_1_20' title="bbox 687 2410 2790 2494; baseline -0.001 -18"><span class='ocrx_word' id='word_1_125' title='bbox 687 2412 870 2478; x_wconf 84' lang='lat' dir='ltr'>Certe</span> <span class='ocrx_word' id='word_1_126' title='bbox 916 2415 1045 2478; x_wconf 89' lang='lat' dir='ltr'>iam</span> <span class='ocrx_word' id='word_1_127' title='bbox 1089 2435 1334 2477; x_wconf 89' lang='lat' dir='ltr'>summo</span> <span class='ocrx_word' id='word_1_128' title='bbox 1379 2413 1516 2476; x_wconf 91' lang='lat' dir='ltr'>iure</span> <span class='ocrx_word' id='word_1_129' title='bbox 1560 2412 1624 2475; x_wconf 92' lang='lat' dir='ltr'>id</span> <span class='ocrx_word' id='word_1_130' title='bbox 1671 2412 1993 2476; x_wconf 89' lang='lat' dir='ltr'>affirmare</span> <span class='ocrx_word' id='word_1_131' title='bbox 2037 2433 2366 2494; x_wconf 88' lang='lat' dir='ltr'>possumus</span> <span class='ocrx_word' id='word_1_132' title='bbox 2412 2411 2489 2475; x_wconf 92' lang='lat' dir='ltr'>de</span> <span class='ocrx_word' id='word_1_133' title='bbox 2517 2410 2604 2474; x_wconf 92' lang='lat' dir='ltr'>M.</span> <span class='ocrx_word' id='word_1_134' title='bbox 2637 2411 2790 2476; x_wconf 83' lang='lat' dir='ltr'>Cor-</span> 
     </span>
     <span class='ocr_line' id='line_1_21' title="bbox 552 2518 2792 2588; baseline -0.001 -4"><span class='ocrx_word' id='word_1_135' title='bbox 552 2522 720 2584; x_wconf 90' lang='lat' dir='ltr'>nelio</span> <span class='ocrx_word' id='word_1_136' title='bbox 794 2521 1142 2588; x_wconf 86' lang='lat' dir='ltr'>Frontone.</span> <span class='ocrx_word' id='word_1_137' title='bbox 1260 2520 1667 2586; x_wconf 82' lang='lat' dir='ltr'>Existimavit</span> <span class='ocrx_word' id='word_1_138' title='bbox 1737 2520 1903 2584; x_wconf 90' lang='lat' dir='ltr'>enim</span> <span class='ocrx_word' id='word_1_139' title='bbox 1978 2520 2435 2583; x_wconf 89' lang='lat' dir='ltr'>illustrissimus</span> <span class='ocrx_word' id='word_1_140' title='bbox 2507 2520 2615 2582; x_wconf 89' lang='lat' dir='ltr'>ille</span> <span class='ocrx_word' id='word_1_141' title='bbox 2677 2518 2792 2582; x_wconf 90' lang='lat' dir='ltr'>sub</span> 
     </span>
     <span class='ocr_line' id='line_1_22' title="bbox 554 2625 2794 2711; baseline -0.001 -20"><span class='ocrx_word' id='word_1_142' title='bbox 554 2627 882 2692; x_wconf 89' lang='lat' dir='ltr'>Hadriano</span> <span class='ocrx_word' id='word_1_143' title='bbox 949 2628 1422 2711; x_wconf 75' lang='lat' dir='ltr'>Antoninisque</span> <span class='ocrx_word' id='word_1_144' title='bbox 1484 2627 1704 2691; x_wconf 90' lang='lat' dir='ltr'>rhetor</span> <span class='ocrx_word' id='word_1_145' title='bbox 1768 2630 1961 2710; x_wconf 89' lang='lat' dir='ltr'>atque</span> <span class='ocrx_word' id='word_1_146' title='bbox 2022 2626 2111 2693; x_wconf 84' lang='lat' dir='ltr'>M.</span> <span class='ocrx_word' id='word_1_147' title='bbox 2176 2627 2421 2689; x_wconf 91' lang='lat' dir='ltr'>Aurelii</span> <span class='ocrx_word' id='word_1_148' title='bbox 2487 2633 2551 2689; x_wconf 90' lang='lat' dir='ltr'>et</span> <span class='ocrx_word' id='word_1_149' title='bbox 2616 2625 2794 2689; x_wconf 92' lang='lat' dir='ltr'>Lucii</span> 
     </span>
     <span class='ocr_line' id='line_1_23' title="bbox 553 2731 2791 2818; baseline -0.002 -20"><span class='ocrx_word' id='word_1_150' title='bbox 553 2734 707 2799; x_wconf 87' lang='lat' dir='ltr'>Veri</span> <span class='ocrx_word' id='word_1_151' title='bbox 754 2735 1055 2818; x_wconf 90' lang='lat' dir='ltr'>magister</span> <span class='ocrx_word' id='word_1_152' title='bbox 1101 2735 1388 2818; x_wconf 91' lang='lat' dir='ltr'>linguam</span> <span class='ocrx_word' id='word_1_153' title='bbox 1434 2732 1704 2797; x_wconf 89' lang='lat' dir='ltr'>latinam</span> <span class='ocrx_word' id='word_1_154' title='bbox 1760 2732 2081 2796; x_wconf 89' lang='lat' dir='ltr'>labentem</span> <span class='ocrx_word' id='word_1_155' title='bbox 2143 2731 2646 2815; x_wconf 89' lang='lat' dir='ltr'>redintegratum</span> <span class='ocrx_word' id='word_1_156' title='bbox 2711 2731 2791 2794; x_wconf 88' lang='lat' dir='ltr'>iri</span> 
     </span>
     <span class='ocr_line' id='line_1_24' title="bbox 553 2837 2791 2921; baseline -0.001 -18"><span class='ocrx_word' id='word_1_157' title='bbox 553 2842 788 2906; x_wconf 90' lang='lat' dir='ltr'>maiore</span> <span class='ocrx_word' id='word_1_158' title='bbox 816 2840 1130 2904; x_wconf 88' lang='lat' dir='ltr'>industria</span> <span class='ocrx_word' id='word_1_159' title='bbox 1176 2840 1244 2905; x_wconf 92' lang='lat' dir='ltr'>in</span> <span class='ocrx_word' id='word_1_160' title='bbox 1291 2843 1534 2903; x_wconf 88' lang='lat' dir='ltr'>rectum</span> <span class='ocrx_word' id='word_1_161' title='bbox 1583 2839 1918 2902; x_wconf 90' lang='lat' dir='ltr'>verborum</span> <span class='ocrx_word' id='word_1_162' title='bbox 1966 2860 2148 2901; x_wconf 89' lang='lat' dir='ltr'>usum</span> <span class='ocrx_word' id='word_1_163' title='bbox 2193 2838 2497 2921; x_wconf 88' lang='lat' dir='ltr'>impensa.</span> <span class='ocrx_word' id='word_1_164' title='bbox 2590 2837 2791 2903; x_wconf 87' lang='lat' dir='ltr'>Nam-</span> 
     </span>
     <span class='ocr_line' id='line_1_25' title="bbox 554 2944 2791 3029; baseline -0.001 -19"><span class='ocrx_word' id='word_1_165' title='bbox 554 2969 677 3029; x_wconf 93' lang='lat' dir='ltr'>que</span> <span class='ocrx_word' id='word_1_166' title='bbox 705 2948 1031 3025; x_wconf 90' lang='lat' dir='ltr'>vocabula,</span> <span class='ocrx_word' id='word_1_167' title='bbox 1079 2947 1176 3009; x_wconf 95' lang='lat' dir='ltr'>uti</span> <span class='ocrx_word' id='word_1_168' title='bbox 1224 2944 1494 3009; x_wconf 88' lang='lat' dir='ltr'>dilucide</span> <span class='ocrx_word' id='word_1_169' title='bbox 1542 2945 1960 3028; x_wconf 86' lang='lat' dir='ltr'>epistularum</span> <span class='ocrx_word' id='word_1_170' title='bbox 2005 2944 2143 3009; x_wconf 90' lang='lat' dir='ltr'>loco</span> <span class='ocrx_word' id='word_1_171' title='bbox 2175 2944 2456 3027; x_wconf 88' lang='lat' dir='ltr'>quodam</span> <span class='ocrx_word' id='word_1_172' title='bbox 2483 2945 2636 3009; x_wconf 91' lang='lat' dir='ltr'>dicit</span> <span class='ocrx_word' id='word_1_173' title='bbox 2663 2946 2791 3008; x_wconf 90' lang='lat' dir='ltr'>iam</span> 
     </span>
     <span class='ocr_line' id='line_1_26' title="bbox 552 3051 2791 3136; baseline -0.001 -20"><span class='ocrx_word' id='word_1_174' title='bbox 552 3054 699 3117; x_wconf 92' lang='lat' dir='ltr'>inde</span> <span class='ocrx_word' id='word_1_175' title='bbox 745 3054 826 3116; x_wconf 89' lang='lat' dir='ltr'>ab</span> <span class='ocrx_word' id='word_1_176' title='bbox 874 3055 1082 3117; x_wconf 88' lang='lat' dir='ltr'>aetate</span> <span class='ocrx_word' id='word_1_177' title='bbox 1113 3051 1521 3116; x_wconf 84' lang='lat' dir='ltr'>Ciceroniana</span> <span class='ocrx_word' id='word_1_178' title='bbox 1568 3074 1606 3114; x_wconf 91' lang='lat' dir='ltr'>a</span> <span class='ocrx_word' id='word_1_179' title='bbox 1651 3052 2021 3116; x_wconf 90' lang='lat' dir='ltr'>notionibus</span> <span class='ocrx_word' id='word_1_180' title='bbox 2065 3051 2491 3136; x_wconf 86' lang='lat' dir='ltr'>significandis</span> <span class='ocrx_word' id='word_1_181' title='bbox 2538 3051 2791 3115; x_wconf 87' lang='lat' dir='ltr'>aberra-</span> 
     </span>
    </p>
   </div>
   <div class='ocr_carea' id='block_1_8' title="bbox 557 3159 873 3256">
    <p class='ocr_par' dir='ltr' id='par_1_8' title="bbox 557 3159 873 3256">
     <span class='ocr_line' id='line_1_27' title="bbox 557 3159 873 3256; baseline -0.003 -32"><span class='ocrx_word' id='word_1_182' title='bbox 557 3163 800 3256; x_wconf 76' lang='lat' dir='ltr'>verunt.</span> <span class='ocrx_word' id='word_1_183' title='bbox 825 3159 873 3238; x_wconf 76' lang='lat'>2)</span> 
     </span>
    </p>
   </div>
   <div class='ocr_carea' id='block_1_9' title="bbox 557 3285 982 3294">
    <p class='ocr_par' dir='ltr' id='par_1_9' title="bbox 557 3285 982 3294">
     <span class='ocr_line' id='line_1_28' title="bbox 557 3285 982 3294; baseline 0 0"><span class='ocrx_word' id='word_1_184' title='bbox 557 3285 982 3294; x_wconf 95' lang='lat' dir='ltr'> </span> 
     </span>
    </p>
   </div>
   <div class='ocr_carea' id='block_1_10' title="bbox 543 3333 2869 4477">
    <p class='ocr_par' dir='ltr' id='par_1_10' title="bbox 551 3333 2790 3674">
     <span class='ocr_line' id='line_1_29' title="bbox 703 3333 2790 3406; baseline -0.001 -16"><span class='ocrx_word' id='word_1_185' title='bbox 703 3336 740 3405; x_wconf 88' lang='lat'>¹)</span> <span class='ocrx_word' id='word_1_186' title='bbox 778 3337 898 3391; x_wconf 91' lang='lat' dir='ltr'>Iam</span> <span class='ocrx_word' id='word_1_187' title='bbox 937 3340 1067 3391; x_wconf 91' lang='lat' dir='ltr'>ante</span> <span class='ocrx_word' id='word_1_188' title='bbox 1104 3336 1401 3391; x_wconf 89' lang='lat' dir='ltr'>secundum</span> <span class='ocrx_word' id='word_1_189' title='bbox 1438 3356 1490 3406; x_wconf 91' lang='lat' dir='ltr'>p.</span> <span class='ocrx_word' id='word_1_190' title='bbox 1522 3337 1645 3391; x_wconf 86' lang='lat' dir='ltr'>Chr.</span> <span class='ocrx_word' id='word_1_191' title='bbox 1676 3356 1729 3390; x_wconf 89' lang='lat' dir='ltr'>n.</span> <span class='ocrx_word' id='word_1_192' title='bbox 1770 3335 2050 3391; x_wconf 90' lang='lat' dir='ltr'>saeculum</span> <span class='ocrx_word' id='word_1_193' title='bbox 2078 3333 2435 3402; x_wconf 85' lang='lat' dir='ltr'>antiquitatis</span> <span class='ocrx_word' id='word_1_194' title='bbox 2472 3333 2790 3388; x_wconf 84' lang='lat' dir='ltr'>recolendae</span> 
     </span>
     <span class='ocr_line' id='line_1_30' title="bbox 553 3423 2788 3494; baseline -0.002 -14"><span class='ocrx_word' id='word_1_195' title='bbox 553 3425 800 3480; x_wconf 87' lang='lat' dir='ltr'>studium</span> <span class='ocrx_word' id='word_1_196' title='bbox 837 3426 1114 3493; x_wconf 87' lang='lat' dir='ltr'>quoddam</span> <span class='ocrx_word' id='word_1_197' title='bbox 1149 3426 1210 3479; x_wconf 89' lang='lat' dir='ltr'>in</span> <span class='ocrx_word' id='word_1_198' title='bbox 1246 3426 1450 3481; x_wconf 90' lang='lat' dir='ltr'>litteris</span> <span class='ocrx_word' id='word_1_199' title='bbox 1486 3426 1749 3480; x_wconf 89' lang='lat' dir='ltr'>Romanis</span> <span class='ocrx_word' id='word_1_200' title='bbox 1786 3425 2012 3494; x_wconf 89' lang='lat' dir='ltr'>reperiri</span> <span class='ocrx_word' id='word_1_201' title='bbox 2050 3423 2447 3479; x_wconf 82' lang='lat' dir='ltr'>demonstravit</span> <span class='ocrx_word' id='word_1_202' title='bbox 2483 3424 2556 3476; x_wconf 89' lang='lat' dir='ltr'>M.</span> <span class='ocrx_word' id='word_1_203' title='bbox 2595 3423 2788 3476; x_wconf 85' lang='lat' dir='ltr'>Hertz:</span> 
     </span>
     <span class='ocr_line' id='line_1_31' title="bbox 551 3511 2787 3571; baseline -0.001 -2"><span class='ocrx_word' id='word_1_204' title='bbox 551 3515 915 3571; x_wconf 85' lang='lat' dir='ltr'>Renaissance</span> <span class='ocrx_word' id='word_1_205' title='bbox 970 3516 1084 3570; x_wconf 90' lang='lat' dir='ltr'>und</span> <span class='ocrx_word' id='word_1_206' title='bbox 1129 3517 1337 3571; x_wconf 87' lang='lat' dir='ltr'>Rococo</span> <span class='ocrx_word' id='word_1_207' title='bbox 1390 3516 1452 3570; x_wconf 89' lang='lat' dir='ltr'>in</span> <span class='ocrx_word' id='word_1_208' title='bbox 1506 3515 1601 3569; x_wconf 91' lang='lat' dir='ltr'>der</span> <span class='ocrx_word' id='word_1_209' title='bbox 1653 3515 1958 3569; x_wconf 72' lang='lat' dir='ltr'>romischen</span> <span class='ocrx_word' id='word_1_210' title='bbox 2011 3513 2332 3568; x_wconf 89' lang='lat' dir='ltr'>Litteratur.</span> <span class='ocrx_word' id='word_1_211' title='bbox 2406 3511 2597 3565; x_wconf 90' lang='lat' dir='ltr'>Berlin</span> <span class='ocrx_word' id='word_1_212' title='bbox 2638 3513 2787 3566; x_wconf 83' lang='lat'>1865.</span> 
     </span>
     <span class='ocr_line' id='line_1_32' title="bbox 554 3606 991 3674; baseline -0.009 -16"><span class='ocrx_word' id='word_1_213' title='bbox 554 3624 605 3674; x_wconf 90' lang='lat' dir='ltr'>p.</span> <span class='ocrx_word' id='word_1_214' title='bbox 653 3606 715 3659; x_wconf 90' lang='grc'>19</span> <span class='ocrx_word' id='word_1_215' title='bbox 753 3623 869 3673; x_wconf 85' lang='lat' dir='ltr'>sqq.</span> <span class='ocrx_word' id='word_1_216' title='bbox 977 3637 991 3654; x_wconf 75' lang='grc'><strong>.</strong></span> 
     </span>
    </p>

    <p class='ocr_par' dir='ltr' id='par_1_11' title="bbox 543 3689 2869 4477">
     <span class='ocr_line' id='line_1_33' title="bbox 698 3689 2788 3763; baseline -0.002 -14"><span class='ocrx_word' id='word_1_217' title='bbox 698 3692 740 3762; x_wconf 76' lang='lat'>²)</span> <span class='ocrx_word' id='word_1_218' title='bbox 778 3694 843 3749; x_wconf 87' lang='lat' dir='ltr'>cf.</span> <span class='ocrx_word' id='word_1_219' title='bbox 865 3713 916 3763; x_wconf 90' lang='lat' dir='ltr'>p.</span> <span class='ocrx_word' id='word_1_220' title='bbox 940 3695 1024 3760; x_wconf 87' lang='lat'>63,</span> <span class='ocrx_word' id='word_1_221' title='bbox 1052 3695 1272 3748; x_wconf 81' lang='lat'>13-21,</span> <span class='ocrx_word' id='word_1_222' title='bbox 1298 3694 1438 3748; x_wconf 91' lang='lat' dir='ltr'>Nab.</span> <span class='ocrx_word' id='word_1_223' title='bbox 1499 3694 1690 3760; x_wconf 82' lang='lat' dir='ltr'>‘Quom</span> <span class='ocrx_word' id='word_1_224' title='bbox 1727 3696 1918 3747; x_wconf 91' lang='lat' dir='ltr'>tamen</span> <span class='ocrx_word' id='word_1_225' title='bbox 1953 3692 2014 3745; x_wconf 90' lang='lat' dir='ltr'>in</span> <span class='ocrx_word' id='word_1_226' title='bbox 2049 3691 2303 3745; x_wconf 88' lang='lat' dir='ltr'>omnibus</span> <span class='ocrx_word' id='word_1_227' title='bbox 2332 3691 2448 3745; x_wconf 89' lang='lat' dir='ltr'>eius</span> <span class='ocrx_word' id='word_1_228' title='bbox 2478 3689 2788 3759; x_wconf 83' lang='lat' dir='ltr'>(Ciceronis)</span> 
     </span>
     <span class='ocr_line' id='line_1_34' title="bbox 552 3781 2790 3852; baseline -0.002 -15"><span class='ocrx_word' id='word_1_229' title='bbox 552 3783 890 3837; x_wconf 88' lang='lat' dir='ltr'>orationibus</span> <span class='ocrx_word' id='word_1_230' title='bbox 927 3782 1259 3852; x_wconf 88' lang='lat' dir='ltr'>paucissima</span> <span class='ocrx_word' id='word_1_231' title='bbox 1296 3783 1591 3837; x_wconf 89' lang='lat' dir='ltr'>admodum</span> <span class='ocrx_word' id='word_1_232' title='bbox 1636 3782 1874 3851; x_wconf 89' lang='lat' dir='ltr'>reperias</span> <span class='ocrx_word' id='word_1_233' title='bbox 1928 3782 2209 3850; x_wconf 88' lang='lat' dir='ltr'>insperata</span> <span class='ocrx_word' id='word_1_234' title='bbox 2267 3781 2446 3849; x_wconf 89' lang='lat' dir='ltr'>adque</span> <span class='ocrx_word' id='word_1_235' title='bbox 2500 3781 2790 3850; x_wconf 90' lang='lat' dir='ltr'>inopinata</span> 
     </span>
     <span class='ocr_line' id='line_1_35' title="bbox 550 3868 2789 3941; baseline -0.002 -16"><span class='ocrx_word' id='word_1_236' title='bbox 550 3873 732 3938; x_wconf 90' lang='lat' dir='ltr'>verba,</span> <span class='ocrx_word' id='word_1_237' title='bbox 772 3891 843 3941; x_wconf 92' lang='lat' dir='ltr'>qu</span> <span class='ocrx_word' id='word_1_238' title='bbox 851 3890 914 3926; x_wconf 91' lang='lat' dir='ltr'>ae</span> <span class='ocrx_word' id='word_1_239' title='bbox 951 3872 1170 3926; x_wconf 90' lang='lat' dir='ltr'>nonnisi</span> <span class='ocrx_word' id='word_1_240' title='bbox 1207 3890 1332 3927; x_wconf 88' lang='lat' dir='ltr'>cum</span> <span class='ocrx_word' id='word_1_241' title='bbox 1369 3873 1552 3927; x_wconf 88' lang='lat' dir='ltr'>studio</span> <span class='ocrx_word' id='word_1_242' title='bbox 1590 3876 1759 3940; x_wconf 90' lang='lat' dir='ltr'>atque</span> <span class='ocrx_word' id='word_1_243' title='bbox 1795 3890 1926 3925; x_wconf 91' lang='lat' dir='ltr'>cura</span> <span class='ocrx_word' id='word_1_244' title='bbox 1963 3874 2131 3939; x_wconf 90' lang='lat' dir='ltr'>atque</span> <span class='ocrx_word' id='word_1_245' title='bbox 2167 3870 2366 3940; x_wconf 87' lang='lat' dir='ltr'>vigilia</span> <span class='ocrx_word' id='word_1_246' title='bbox 2403 3871 2581 3938; x_wconf 89' lang='lat' dir='ltr'>adque</span> <span class='ocrx_word' id='word_1_247' title='bbox 2608 3868 2789 3922; x_wconf 90' lang='lat' dir='ltr'>multa</span> 
     </span>
     <span class='ocr_line' id='line_1_36' title="bbox 549 3958 2869 4031; baseline -0.003 -15"><span class='ocrx_word' id='word_1_248' title='bbox 549 3966 799 4016; x_wconf 87' lang='lat' dir='ltr'>veterum</span> <span class='ocrx_word' id='word_1_249' title='bbox 846 3962 1152 4017; x_wconf 85' lang='lat' dir='ltr'>carminum</span> <span class='ocrx_word' id='word_1_250' title='bbox 1204 3963 1470 4017; x_wconf 88' lang='lat' dir='ltr'>memoria</span> <span class='ocrx_word' id='word_1_251' title='bbox 1518 3962 1873 4031; x_wconf 80' lang='lat' dir='ltr'>indagantur.</span> <span class='ocrx_word' id='word_1_252' title='bbox 1965 3962 2313 4029; x_wconf 86' lang='lat' dir='ltr'>Insperatum</span> <span class='ocrx_word' id='word_1_253' title='bbox 2368 3963 2556 4014; x_wconf 89' lang='lat' dir='ltr'>autem</span> <span class='ocrx_word' id='word_1_254' title='bbox 2609 3958 2787 4025; x_wconf 89' lang='lat' dir='ltr'>adque</span> <span class='ocrx_word' id='word_1_255' title='bbox 2864 4018 2869 4024; x_wconf 44' lang='lat'>‚</span> 
     </span>
     <span class='ocr_line' id='line_1_37' title="bbox 551 4047 2784 4121; baseline -0.002 -18"><span class='ocrx_word' id='word_1_256' title='bbox 551 4050 902 4119; x_wconf 91' lang='lat' dir='ltr'>inopinatum</span> <span class='ocrx_word' id='word_1_257' title='bbox 939 4052 1165 4105; x_wconf 88' lang='lat' dir='ltr'>verbum</span> <span class='ocrx_word' id='word_1_258' title='bbox 1203 4052 1436 4121; x_wconf 85' lang='lat' dir='ltr'>appe110‚</span> <span class='ocrx_word' id='word_1_259' title='bbox 1494 4051 1642 4119; x_wconf 90' lang='lat' dir='ltr'>quod</span> <span class='ocrx_word' id='word_1_260' title='bbox 1676 4053 1895 4119; x_wconf 90' lang='lat' dir='ltr'>praeter</span> <span class='ocrx_word' id='word_1_261' title='bbox 1931 4067 2084 4118; x_wconf 87' lang='lat' dir='ltr'>spem</span> <span class='ocrx_word' id='word_1_262' title='bbox 2121 4052 2289 4116; x_wconf 90' lang='lat' dir='ltr'>atque</span> <span class='ocrx_word' id='word_1_263' title='bbox 2343 4047 2655 4116; x_wconf 87' lang='lat' dir='ltr'>opinionem</span> <span class='ocrx_word' id='word_1_264' title='bbox 2691 4063 2784 4099; x_wconf 90' lang='lat' dir='ltr'>au-</span> 
     </span>
     <span class='ocr_line' id='line_1_38' title="bbox 551 4135 2786 4209; baseline -0.002 -16"><span class='ocrx_word' id='word_1_265' title='bbox 551 4139 823 4193; x_wconf 89' lang='lat' dir='ltr'>dientium</span> <span class='ocrx_word' id='word_1_266' title='bbox 862 4143 960 4194; x_wconf 92' lang='lat' dir='ltr'>aut</span> <span class='ocrx_word' id='word_1_267' title='bbox 997 4140 1304 4209; x_wconf 87' lang='lat' dir='ltr'>legentium</span> <span class='ocrx_word' id='word_1_268' title='bbox 1340 4140 1638 4209; x_wconf 88' lang='lat' dir='ltr'>promitur:</span> <span class='ocrx_word' id='word_1_269' title='bbox 1676 4140 1761 4194; x_wconf 91' lang='lat' dir='ltr'>ita</span> <span class='ocrx_word' id='word_1_270' title='bbox 1798 4142 1862 4193; x_wconf 91' lang='lat' dir='ltr'>ut</span> <span class='ocrx_word' id='word_1_271' title='bbox 1898 4139 1946 4192; x_wconf 89' lang='lat' dir='ltr'>si</span> <span class='ocrx_word' id='word_1_272' title='bbox 1982 4138 2274 4191; x_wconf 87' lang='lat' dir='ltr'>subtrahas</span> <span class='ocrx_word' id='word_1_273' title='bbox 2312 4137 2489 4204; x_wconf 88' lang='lat' dir='ltr'>adque</span> <span class='ocrx_word' id='word_1_274' title='bbox 2536 4152 2661 4189; x_wconf 88' lang='lat' dir='ltr'>eum</span> <span class='ocrx_word' id='word_1_275' title='bbox 2689 4135 2786 4203; x_wconf 88' lang='lat' dir='ltr'>qui</span> 
     </span>
     <span class='ocr_line' id='line_1_39' title="bbox 550 4223 2784 4299; baseline -0.002 -18"><span class='ocrx_word' id='word_1_276' title='bbox 550 4229 705 4299; x_wconf 87' lang='lat' dir='ltr'>legat</span> <span class='ocrx_word' id='word_1_277' title='bbox 742 4246 1004 4297; x_wconf 84' lang='lat' dir='ltr'>quaerere</span> <span class='ocrx_word' id='word_1_278' title='bbox 1039 4229 1221 4298; x_wconf 88' lang='lat' dir='ltr'>ipsum</span> <span class='ocrx_word' id='word_1_279' title='bbox 1257 4230 1463 4295; x_wconf 77' lang='lat' dir='ltr'>iubeaS,</span> <span class='ocrx_word' id='word_1_280' title='bbox 1519 4232 1620 4283; x_wconf 90' lang='lat' dir='ltr'>aut</span> <span class='ocrx_word' id='word_1_281' title='bbox 1675 4229 1892 4283; x_wconf 86' lang='lat' dir='ltr'>nullum</span> <span class='ocrx_word' id='word_1_282' title='bbox 1941 4230 2039 4281; x_wconf 91' lang='lat' dir='ltr'>aut</span> <span class='ocrx_word' id='word_1_283' title='bbox 2085 4244 2212 4280; x_wconf 89' lang='lat' dir='ltr'>non</span> <span class='ocrx_word' id='word_1_284' title='bbox 2248 4226 2351 4280; x_wconf 87' lang='lat' dir='ltr'>ita</span> <span class='ocrx_word' id='word_1_285' title='bbox 2389 4224 2469 4278; x_wconf 90' lang='lat' dir='ltr'>ad</span> <span class='ocrx_word' id='word_1_286' title='bbox 2506 4223 2784 4293; x_wconf 87' lang='lat' dir='ltr'>signifi·</span> 
     </span>
     <span class='ocr_line' id='line_1_40' title="bbox 547 4314 2787 4385; baseline -0.003 -13"><span class='ocrx_word' id='word_1_287' title='bbox 547 4318 833 4372; x_wconf 90' lang='lat' dir='ltr'>candum</span> <span class='ocrx_word' id='word_1_288' title='bbox 893 4318 1470 4373; x_wconf 91' lang='lat' dir='ltr'>adcommodatum</span> <span class='ocrx_word' id='word_1_289' title='bbox 1522 4319 1749 4372; x_wconf 86' lang='lat' dir='ltr'>verbum</span> <span class='ocrx_word' id='word_1_290' title='bbox 1815 4318 1970 4371; x_wconf 89' lang='lat' dir='ltr'>aliud</span> <span class='ocrx_word' id='word_1_291' title='bbox 2031 4314 2303 4385; x_wconf 87' lang='lat' dir='ltr'>reperiat.’</span> <span class='ocrx_word' id='word_1_292' title='bbox 2415 4314 2787 4382; x_wconf 84' lang='lat' dir='ltr'>‘Inopinatum</span> 
     </span>
     <span class='ocr_line' id='line_1_41' title="bbox 543 4403 2783 4477; baseline -0.003 -15"><span class='ocrx_word' id='word_1_293' title='bbox 543 4408 784 4463; x_wconf 87' lang='lat' dir='ltr'>verbum&#39;</span> <span class='ocrx_word' id='word_1_294' title='bbox 826 4425 923 4477; x_wconf 86' lang='lat' dir='ltr'>pro</span> <span class='ocrx_word' id='word_1_295' title='bbox 966 4407 1330 4476; x_wconf 87' lang='lat' dir='ltr'>‘inopinatum</span> <span class='ocrx_word' id='word_1_296' title='bbox 1365 4409 1509 4462; x_wconf 88' lang='lat' dir='ltr'>vero’</span> <span class='ocrx_word' id='word_1_297' title='bbox 1558 4408 1988 4463; x_wconf 88' lang='lat' dir='ltr'>emendaverunt</span> <span class='ocrx_word' id='word_1_298' title='bbox 2032 4406 2213 4462; x_wconf 86' lang='lat' dir='ltr'>Maius</span> <span class='ocrx_word' id='word_1_299' title='bbox 2258 4407 2315 4458; x_wconf 90' lang='lat' dir='ltr'>et</span> <span class='ocrx_word' id='word_1_300' title='bbox 2352 4403 2783 4458; x_wconf 84' lang='lat' dir='ltr'>Studemundus:</span> 
     </span>
    </p>
   </div>
  </div>
 </body>
</html>
