3140 5014
1564 322 1655 388 44

483 522 639 587 mihi
668 522 913 587 Fronto
960 520 1274 585 carissime
1321 524 1385 585 et
1431 520 1872 587 iucundissime
1918 520 2125 583 mihi'
2163 543 2223 604 p.
2260 519 2365 598 44,
2398 521 2458 585 2.
2554 517 2721 584 Nus-

482 653 674 715 quam
724 631 910 694 verba
956 629 1048 693 ita
1093 628 1402 693 collocata
1447 630 1617 706 sunt,
1666 636 1741 691 ut
1787 649 1861 691 eo
1907 627 2065 704 loce,
2117 649 2305 710 quem
2352 630 2722 692 tractamus.

482 739 689 815 Quare
734 736 892 802 illud
942 738 1251 820 punctum
1316 758 1509 819 supra
1556 758 1621 798 m
1686 757 1814 799 non
1881 734 2257 818 compendii,
2322 735 2427 800 sed
2495 735 2726 800 liturae

478 846 733 930 signum
779 865 907 908 esse
954 848 1130 926 pute,
1198 845 1272 905 ut
1326 841 1478 906 alibi
1524 842 1594 905 in
1639 841 1851 907 codice
1907 842 2147 907 factum
2195 844 2307 909 est.
2403 841 2725 906 Librarius

480 953 648 1016 enim
713 953 991 1016 litteram
1069 973 1133 1014 m
1198 950 1365 1014 vocis
1431 949 1770 1034 ‘magister'
1838 949 1933 1014 bis
1996 949 2442 1027 inculcaverat,
2510 970 2722 1014 errore

480 1065 690 1125 autem
748 1057 1003 1143 cognito
1059 1057 1234 1141 prius
1301 1079 1361 1120 m
1427 1058 1667 1140 puncto
1734 1056 1983 1121 delevit.
2096 1055 2462 1142 Legendum
2525 1056 2724 1141 igitur

479 1188 729 1232 censeo:
799 1165 956 1229 ‘vale
1020 1166 1107 1228 mi
1171 1163 1712 1228 iucundissime
1760 1164 2166 1249 magister',
2233 1186 2396 1247 quae
2443 1164 2723 1229 clausula

477 1275 833 1358 saepissime
879 1272 1171 1338 occurrit.
1267 1272 1346 1336 cf.
1399 1271 1901 1336 Klussmannum
1947 1272 1990 1338 l.
2040 1294 2090 1339 c.
2141 1295 2203 1356 p.
2257 1272 2360 1339 74.

613 1399 862 1463 Primae
908 1420 1133 1462 manus
1180 1398 1514 1462 lectionem
1573 1398 1904 1462 restituere
1970 1397 2150 1462 nobis
2215 1399 2310 1462 est
2371 1397 2441 1461 in
2506 1397 2719 1462 animo

478 1506 552 1571 ad
602 1505 674 1570 Μ.
723 1505 900 1571 CaeS.
947 1506 1006 1569 V.
1061 1505 1144 1569 14
1192 1503 1338 1588 (29)
1387 1521 1443 1585 ρ.
1490 1503 1597 1585 81,
1637 1503 1678 1569 2
1730 1505 1836 1569 ubi
1884 1507 2042 1569 teste
2089 1504 2193 1568 Du
2241 1504 2467 1569 Rievio
2515 1504 2637 1570 hoc
2683 1528 2720 1569 a

478 1616 684 1700 prima
730 1636 923 1678 manu
970 1614 1035 1677 in
1086 1612 1467 1677 membranis
1511 1613 1821 1696 scriptum
1853 1618 1975 1678 est:
2028 1610 2392 1690 ‘Cervicum,
2426 1612 2714 1691 Domine,

477 1722 690 1786 dolore
736 1721 1122 1807 gravisum
1169 1723 1567 1805 correptus
1613 1719 1811 1788 sum.'
1905 1720 2194 1786 Naberus
2233 1723 2506 1786 alterum
2538 1721 2715 1785 ‘sum'

474 1853 619 1895 cum
665 1852 782 1914 pro
828 1827 1284 1913 dittographia,
1336 1830 1408 1891 ut
1452 1831 1627 1912 puto,
1677 1828 1958 1906 haberet,
2027 1852 2060 1894 e
2105 1831 2287 1892 textu
2335 1829 2546 1905 eiecit;
2614 1829 2718 1892 vix

474 1942 659 2003 recte.
749 1936 936 2000 Latet
980 1936 1149 2000 enim
1194 1935 1261 1999 in
1321 1936 1681 2019 ‘gravisum'
1711 1935 2136 2019 superlativus
2184 1936 2585 2021 ‘gravisumo'
2616 1937 2713 2001 vel

475 2045 684 2128 potius
723 2043 1175 2129 ‘gravissumo'.
1269 2042 1477 2118 Quare
1522 2041 1725 2108 altero
1771 2044 1908 2108 loco
1957 2043 2218 2108 verbum
2266 2044 2571 2109 auxiliare
2617 2066 2714 2108 re-

474 2151 814 2217 tinebimus
876 2152 941 2215 et
1004 2148 1195 2214 verba
1258 2150 1345 2214 sic
1408 2150 1892 2214 constituemus:
1980 2149 2355 2229 ‘Cervicum,
2422 2150 2712 2227 Domine,

474 2258 688 2324 dolore
735 2257 1182 2343 gravissimo
1228 2260 1628 2341 correptus
1673 2280 1856 2335 sum,
1908 2258 1986 2322 de
2018 2258 2175 2343 pede
2205 2257 2386 2323 dolor
2414 2257 2713 2323 decessit.'

471 2365 898 2430 Confirmatur
943 2368 1156 2429 autem
1204 2364 1561 2429 emendatio
1610 2387 1700 2443 ec,
1761 2364 1929 2448 quod
1980 2364 2219 2429 Fronto
2273 2365 2522 2448 saepius
2567 2386 2714 2450 gra-

472 2474 724 2539 vissimo
752 2473 970 2538 dolore
1001 2472 1313 2538 afflictum
1339 2493 1403 2537 se
1433 2493 1560 2537 esse
1589 2472 2017 2556 conqueritur.
2113 2472 2195 2553 cf.
2228 2495 2289 2558 p.
2328 2473 2473 2551 167,
2524 2474 2611 2539 20
2639 2471 2712 2540 F.

474 2581 675 2645 ‘dolor
749 2581 949 2645 umeri
1023 2580 1252 2665 gravia
1330 2580 1588 2647 cervicis
1661 2603 1810 2645 vero
1885 2580 2089 2644 multo
2152 2581 2576 2666 gravissimus'
2652 2583 2716 2644 et

472 2713 534 2773 p.
587 2691 690 2766 81,
741 2689 858 2764 213
908 2688 1012 2767 90,
1063 2688 1166 2754 28.

605 2814 695 2878 Ut
739 2813 806 2876 in
854 2812 1253 2896 praecedenti
1300 2812 1659 2877 coniectura
1706 2814 1949 2897 primae
2005 2835 2230 2879 manus
2297 2813 2572 2899 vestigiis
2635 2814 2712 2878 ad

472 2926 707 2986 rectam
753 2921 1090 2985 lectionem
1137 2919 1593 2984 enucleandam
1642 2919 2119 3000 adiuvabamur,
2178 2921 2269 2984 ita
2315 2921 2382 2985 in
2427 2921 2714 3005 sequenti

469 3026 776 3092 secundae
822 3027 1058 3092 auxilio
1105 3027 1576 3109 aliquantulum
1633 3027 1935 3110 proficere
1990 3027 2377 3092 conabimur.
2480 3027 2712 3094 Scribi-

468 3139 576 3199 tur
640 3135 808 3200 enim
871 3158 909 3199 a
972 3123 1246 3199 secunda
1310 3156 1505 3198 manu
1569 3133 1644 3197 ad
1703 3134 1774 3198 Μ.
1842 3132 2017 3200 CaeS.
2085 3134 2145 3198 ll.
2204 3133 2245 3199 2
2294 3151 2349 3215 ρ.
2397 3134 2498 3217 27,
2544 3136 2568 3200 1
2622 3139 2714 3201 ‘tu

470 3242 725 3327 quidem
772 3265 871 3306 me
918 3242 1282 3328 magister
1339 3241 1580 3305 amabis
1638 3263 1828 3324 quam
1896 3241 2063 3305 ullus
2118 3240 2445 3307 hominum
2512 3244 2713 3307 ullum

468 3349 790 3413 hominem
839 3350 1062 3425 amat'3
1112 3349 1318 3432 prima
1350 3353 1562 3412 autem
1611 3371 1806 3413 manu
1853 3370 1969 3432 pro
2020 3350 2358 3435 ‘magister'
2407 3349 2712 3416 traditum

469 3461 561 3520 est
619 3459 749 3519 ‘ma
762 3455 918 3540 gis’.
1023 3455 1206 3532 Quod
1265 3477 1653 3538 quamquam
1717 3456 1871 3520 ferri
1935 3459 2173 3538 potest,
2240 3460 2454 3522 tamen
2521 3458 2713 3522 etiam

468 3562 775 3627 secundae
821 3584 1046 3627 manus
1093 3563 1411 3627 rationem
1454 3561 1811 3627 habendam
1862 3584 1990 3627 esse
2038 3564 2216 3646 puto,
2233 3561 2282 3646 l)
2355 3562 2521 3628 Nam
2552 3563 2710 3628 illud

470 3669 808 3755 ‘magister'
857 3669 1028 3734 haud
1076 3670 1259 3733 aliter
1304 3669 1674 3756 intellegere
1721 3670 2073 3754 poterimus
2120 3671 2241 3735 nisi
2287 3670 2395 3749 ita,
2454 3676 2527 3736 ut
2571 3693 2711 3735 cor-

468 3781 772 3842 rectorem
822 3800 898 3842 ex
946 3776 1073 3840 alio
1121 3776 1330 3842 codice
1367 3777 1625 3842 lectioni
1673 3778 1919 3862 primae
1955 3799 2180 3842 manus
2210 3777 2503 3841 blandam
2534 3776 2709 3841 illam

469 3883 918 3949 allocutionem
966 3883 1195 3948 addere
1243 3883 1511 3949 voluisse
1557 3888 1930 3950 statuamus,
2024 3884 2252 3968 Itaque
2298 3889 2520 3950 auctor
2549 3906 2708 3963 sum,

614 4129 657 4200 ²)
695 4133 1000 4188 Secundam
1037 4152 1265 4189 manum
1302 4134 1453 4189 haud
1489 4151 1613 4188 raro
1650 4151 1838 4188 veram
1874 4133 2167 4189 lectionem
2212 4133 2515 4189 restituisse
2552 4134 2708 4188 docu-

468 4225 656 4277 mento
693 4225 822 4276 sunt
847 4222 1008 4276 haec:
1049 4242 1099 4293 p.
1135 4224 1199 4278 15
1240 4224 1364 4279 adn.
1402 4224 1493 4289 12;
1532 4242 1585 4293 p.
1626 4224 1694 4277 24
1734 4223 1856 4277 adn.
1901 4224 1990 4288 103
2030 4223 2231 4288 27·-8;
2270 4223 2469 4289 31—8;
2509 4224 2709 4289 40-2;

466 4310 1425 4378 41—2342-—7342—10344-—23
1474 4313 1676 4378 49—5;
1734 4313 1933 4378 52-33
1991 4311 2192 4378 55—73
2249 4313 2449 4378 62—53
2507 4313 2709 4378 63—23

468 4400 668 4465 64-63
707 4400 907 4466 67—53
948 4401 1146 4467 69—4;
1188 4402 1387 4468 70—7;
1427 4402 1628 4466 70-9;
1669 4401 1869 4468 75—43
1913 4400 2147 4468 103-6;
2182 4401 2449 4468 130—12;
2484 4402 2706 4457 132-8.
