3140 5014
1486 331 1577 400 55

385 529 703 616 suspicor.
813 528 960 596 Huc
1022 530 1192 596 enim
1240 530 1482 615 optime
1525 527 1804 614 quadrat
1847 529 2322 615 comparativus
2372 531 2652 613 ‘durior’,

407 661 593 723 quem
659 638 864 704 Maius
928 661 1060 703 non
1124 643 1294 703 recte
1367 638 1447 702 ad
1522 640 1729 702 totam
1808 639 2237 721 corruptelam
2298 640 2652 705 sanandam

408 746 755 830 usurpavit,
802 768 948 811 cum
994 744 1241 810 duobus
1289 744 1492 809 verbis
1556 765 1717 828 opus
1781 744 1880 809 sit.
1997 743 2289 809 Codicem
2352 750 2569 826 autem
2615 771 2655 811 a

407 853 706 919 Durievio
753 853 913 918 falso
959 852 1280 935 depictum
1325 873 1452 917 esse
1500 873 1600 916 me
1647 852 1900 936 opinari
1947 850 2086 916 ideo
2135 851 2284 931 dixi,
2335 852 2505 937 quod
2544 852 2654 917 lit-

404 962 577 1026 terae
625 959 733 1024 ‘ut'
784 959 954 1024 haud
1001 958 1247 1023 difficili
1295 959 1552 1044 negotio
1598 958 1977 1024 commutari
2024 964 2292 1041 possunt
2338 959 2404 1024 in
2456 959 2601 1024 ‘du’.

537 1067 630 1132 Ut
673 1066 873 1152 'igitur
917 1066 1091 1131 brevi
1138 1068 1442 1150 repetam,
1492 1087 1657 1148 quae
1704 1066 1986 1148 exposui,
2053 1065 2260 1130 locum
2309 1066 2496 1130 velim
2561 1070 2652 1131 ita

404 1175 606 1258 legas:
658 1173 783 1237 ‘sed
819 1174 887 1238 in
917 1153 1248 1238 sententiis
1277 1171 1564 1237 dicundis
1596 1172 1674 1237 ad
1705 1171 2102 1256 puniendum
2131 1174 2324 1255 paulo
2353 1172 2650 1253 durior,

405 1282 704 1366 opinor,
753 1286 830 1347 et
875 1280 1279 1345 infestior‘.

538 1387 738 1453 Paulo
789 1392 933 1471 post
962 1386 1206 1451 Fronto
1254 1387 1345 1450 ita
1374 1386 1593 1452 scribit
1621 1385 1725 1470 (ad
1757 1385 1933 1452 amic.
1965 1385 2029 1450 ΙΙ.
2062 1386 2123 1450 7.
2154 1404 2208 1468 ρ.
2237 1385 2377 1468 198,
2413 1386 2495 1451 12
2529 1387 2652 1471 sq.)

405 1494 674 1559 ‘detrahi
720 1493 1136 1580 ignominiam
1197 1493 1512 1558 iusseris
1579 1493 1932 1576 nepotibus,
1998 1515 2229 1578 genere
2293 1493 2650 1560 adfinibus.’

402 1602 505 1666 Ita
550 1601 838 1665 Naberus
883 1600 1100 1666 edidit.
1212 1600 1613 1684 Quamquam
1676 1599 1979 1665 iudicium
2039 1600 2115 1665 de
2162 1599 2286 1665 loci
2329 1602 2651 1666 sententia

403 1733 479 1774 ea
523 1731 589 1774 re
634 1707 998 1793 impeditur,
1047 1709 1219 1792 quod
1268 1709 1459 1773 verba
1506 1731 1539 1772 e
1586 1710 1887 1772 contextu
1935 1711 2154 1791 erepta
2198 1711 2352 1773 sunt
2390 1744 2458 1755 —
2501 1730 2649 1772 nam

402 1816 743 1880 admodum
789 1838 992 1899 pauca
1037 1807 1104 1881 in
1153 1815 1271 1881 hac
1316 1815 1546 1881 codicis
1592 1815 1832 1902 pagina
1870 1816 1995 1900 legi
2025 1819 2293 1899 possunt
2320 1851 2408 1863 --
2436 1819 2651 1881 tamen

402 1946 531 1987 una
578 1944 702 1987 vox
748 1926 916 1986 certe
961 1922 1217 2005 probari
1267 1922 1504 2005 nequit.
1600 1922 1764 1999 Quid
1813 1922 1981 1987 enim
2030 1923 2148 1986 sibi
2195 1923 2336 1986 vult
2383 1923 2649 2009 ‘genere'

400 2030 570 2096 inter
627 2028 999 2114 ‘nepotibus'
1067 2032 1131 2092 et
1195 2029 1553 2093 ‘affinibus'.
1667 2029 1890 2113 Itaque
1954 2033 2121 2094 recte
2185 2030 2650 2094 Klussmannus

401 2138 442 2202 l.
472 2160 523 2202 c.
552 2159 614 2220 p.
647 2138 730 2202 67
781 2135 1143 2200 emendavit
1190 2137 1484 2221 ‘genero'.
1581 2136 1702 2201 Sed
1749 2158 1828 2201 ne
1874 2137 1966 2201 ita
2013 2136 2288 2219 quidem,
2338 2139 2653 2220 quantum

405 2243 605 2321 viden,
654 2242 869 2306 omnia
913 2262 978 2305 se
1024 2244 1194 2306 recte
1224 2241 1479 2309 habent.
1570 2240 1983 2306 Concinnitas
2021 2243 2357 2307 verborum
2394 2264 2648 2326 poscere

402 2350 560 2415 mihi
607 2349 876 2427 videtur,
926 2352 1001 2413 ut
1045 2371 1123 2412 ex
1173 2349 1478 2427 ‘iusseris',
1528 2350 1597 2413 in
1645 2371 1772 2432 quo
1819 2349 2075 2415 litterae
2106 2350 2269 2414 ‘iuss'
2301 2348 2382 2413 ab
2409 2348 2651 2414 editore

405 2457 738 2542 suppletae
783 2458 953 2536 sunt,
1002 2455 1258 2536 efficias,
1311 2456 1637 2523 ‘liberis’.
1740 2456 2005 2541 Saepius
2057 2477 2206 2521 vero
2256 2455 2499 2521 Fronto
2546 2477 2650 2521 co-

404 2568 633 2651 gnatos
678 2565 770 2628 ita
834 2566 1183 2642 enumerat,
1250 2567 1325 2628 ut
1380 2585 1523 2628 cum
1589 2564 1928 2649 nepotibus
1991 2565 2383 2629 collocentur
2444 2563 2645 2628 liberi.

404 2672 484 2737 cf.
535 2695 598 2756 p.
653 2672 799 2750 195,
853 2675 885 2737 1
956 2673 1288 2755 ‘quantum
1353 2671 1618 2736 dedecus
1672 2676 1767 2736 est
1830 2673 2021 2755 plena
2067 2671 2280 2736 liberis
2325 2693 2400 2735 ac
2445 2692 2648 2754 nepo-

403 2780 572 2845 tibus
619 2780 803 2844 domo
850 2776 1118 2844 infamia
1156 2779 1412 2858 notari'3
1464 2780 1610 2858 195,
1655 2781 1739 2845 10
1786 2780 2150 2863 ‘aequiusne
2188 2784 2283 2845 est
2317 2778 2649 2844 arboribus

404 2888 636 2952 honori
681 2893 873 2971 atque
917 2887 1159 2953 tutelae
1204 2909 1393 2971 poma
1439 2923 1527 2933 —
1573 2909 1720 2966 esse,
1770 2909 1966 2971 quam
2012 2886 2376 2952 hominibus
2421 2886 2649 2951 liberos

402 2995 854 3079 nepotesque'?
900 3016 963 3077 p.
1018 2996 1162 3072 181,
1219 2996 1300 3061 14
1347 2994 1680 3059 ‘familiam
1725 2997 2010 3059 nostram
2067 2993 2279 3058 liberis
2326 3015 2401 3061 ac
2448 3014 2647 3077 nepo-

402 3101 572 3167 tibus
618 3101 992 3187 augebunt‘3
1057 3100 1139 3165 cf.
1206 3101 1398 3166 etiam
1461 3123 1525 3184 p.
1577 3102 1681 3180 94,
1736 3101 1818 3167 15
1865 3100 1952 3164 M.
2022 3100 2418 3166 ‘laetissimus
2471 3099 2647 3164 inco-

403 3209 695 3274 lumitate
739 3209 928 3287 filiae,
980 3211 1308 3291 nepotum,
1356 3208 1618 3292 generi'.
1753 3269 1756 3272 .

537 3315 616 3379 Ad
665 3315 868 3380 Antan.
918 3312 1076 3379 Pium
1125 3312 1166 3378 8
1215 3330 1269 3394 ρ.
1322 3313 1475 3393 169,
1545 3312 1627 3379 19
1674 3330 1766 3396 sq.
1833 3313 2071 3378 Fronto
2138 3316 2475 3397 postquam
2524 3312 2646 3378 im-

401 3424 683 3507 peratori
730 3422 970 3500 retulit,
1021 3442 1295 3505 quorum
1342 3421 1674 3486 hominum
1722 3421 2031 3485 auxilium
2079 3420 2512 3498 arcessivisset,
2570 3424 2646 3485 ut

401 3535 467 3596 et
510 3530 874 3615 provinciae
935 3527 1475 3594 administrandae
1521 3549 1750 3592 munus
1807 3549 1999 3612 quam
2046 3528 2285 3612 optime
2331 3526 2536 3591 obiret
2581 3529 2647 3589 et

402 3637 751 3703 valetudini
798 3640 1101 3721 parceret,
1150 3636 1242 3700 ita
1287 3635 1527 3720 pergit:
1601 3634 1792 3700 ‘Haec
1840 3635 2055 3699 omnia
2099 3634 2224 3703 feci
2268 3656 2378 3718 spe
2424 3633 2641 3711 fretus,

400 3767 582 3831 posse
628 3767 729 3811 me
773 3744 945 3809 victu
990 3744 1169 3809 tenui
1213 3745 1278 3806 et
1323 3765 1491 3826 aqua
1550 3740 1839 3825 potanda
1895 3740 2133 3806 malam
2195 3739 2641 3818 valetudinem,

401 3876 529 3938 qua
573 3853 903 3937 impedior,
965 3852 1020 3916 si
1064 3872 1197 3916 non
1244 3850 1505 3915 omnino
1552 3849 1772 3914 sedare
1820 3849 2051 3932 [cert]e
2103 3847 2184 3912 ad
2231 3847 2494 3930 m[aius]
2542 3846 2643 3911 in-

399 3960 741 4024 tervallum
788 3959 979 4042 [eius]
1026 3958 1302 4043 impetus
1348 3957 1685 4043 mitigare.'

535 4067 697 4131 Dedi
762 4066 895 4130 Mai
956 4065 1289 4130 lectionem
1353 4086 1393 4128 a
1454 4063 1519 4128 N
1520 4065 1712 4129 abero
1758 4064 2095 4147 receptam,
2163 4061 2281 4126 etsi
2326 4082 2467 4126 eam
2512 4082 2643 4125 non

401 4196 528 4238 esse
559 4175 814 4257 plenam
842 4171 1062 4238 statim
1101 4193 1556 4256 pernoscemus.
1652 4168 1991 4235 Durievius
2036 4169 2203 4233 enim
2249 4168 2419 4232 inter
2461 4188 2643 4232 voces

402 4280 847 4346 ‘intervallum'
913 4283 979 4344 et
1043 4278 1355 4363 ‘impetus'
1404 4278 1559 4343 haec
1607 4276 1922 4342 distinxit:
1987 4298 2073 4359 eq
2123 4325 2137 4339 .
2187 4297 2266 4340 ec
2312 4327 2326 4342 .
2372 4324 2387 4340 .
2434 4323 2449 4339 .
2497 4322 2512 4336 .
2561 4273 2638 4336 is.

400 4388 539 4466 Qua
582 4389 651 4453 in
698 4388 1058 4475 corruptela
1102 4386 1259 4471 quin
1307 4384 1450 4470 plus
1496 4385 1714 4465 lateat,
1763 4406 1952 4471 quam
2000 4383 2206 4451 solum
2249 4381 2409 4448 illud
2438 4379 2640 4449 Maia·
