3140 5014
1438 329 1524 395 35

371 530 499 595 130
542 550 591 595 e.
638 528 686 594 f.
798 527 937 592 lam
997 549 1144 593 vero
1189 527 1611 590 infensissima
1659 526 2001 591 Frontonis
2048 526 2495 590 malevolentia
2542 528 2608 589 et

367 635 744 700 obtrectatio
790 637 932 699 tum
979 634 1071 713 fit,
1139 656 1281 698 cum
1329 632 1600 699 Senecae
1663 634 1901 717 scripta
1964 656 2108 698 cum
2162 632 2390 697 cloacis
2436 654 2608 697 com-

367 745 580 826 parat3
629 745 703 807 ut
748 742 936 821 enim,
983 741 1210 824 inquit,
1275 741 1342 804 in
1406 741 1506 805 his
1570 762 2055 823 nonnumquam
2101 741 2442 804 lamminae
2506 762 2610 804 ar-

367 850 718 936 genteolae,
785 850 878 914 ita
943 849 1134 913 etiam
1198 847 1367 931 apud
1420 846 1721 912 Senecam
1785 848 2137 912 sententiae
2201 847 2483 932 graviter
2546 851 2611 909 et

365 957 519 1020 scite
566 956 769 1021 verbis
816 977 1142 1039 expressae
1188 955 1522 1037 aliquoties
1568 956 1993 1039 reperiuntur.
2088 954 2169 1018 cf.
2219 977 2281 1037 p.
2326 954 2472 1033 156,
2529 956 2605 1019 17

370 1101 454 1109 -
492 1061 636 1141 157,
672 1065 713 1128 2
760 1062 1108 1147 (aberravit
1137 1062 1517 1147 typothetae
1563 1085 1774 1127 errore
1822 1084 1979 1127 vers,
2019 1063 2096 1127 17
2146 1062 2212 1125 in
2260 1064 2609 1125 extremam

371 1192 517 1256 pag.
571 1169 745 1253 157).

505 1295 681 1371 Quod
761 1295 1102 1359 Frontonis
1164 1294 1465 1359 iudicium
1531 1296 1829 1359 acerbum
1891 1299 1956 1359 et
2019 1294 2375 1379 malignum
2440 1293 2612 1357 haud

372 1403 694 1467 minimam
746 1405 994 1485 partem
1041 1402 1188 1465 inde
1235 1405 1528 1466 exortum
1567 1407 1680 1481 est,
1729 1401 1899 1484 quod
1929 1400 2218 1465 Marcum
2248 1401 2449 1486 magis
2477 1424 2615 1464 ma-

371 1511 591 1595 gisque
636 1509 717 1573 ab
747 1509 1112 1592 eloquentia
1143 1509 1211 1572 in
1242 1509 1717 1592 philosophiam
1749 1508 2063 1573 declinare
2092 1511 2281 1590 atque
2314 1508 2614 1573 Senecam

371 1616 580 1701 legere
626 1616 1189 1680 animadvertebat.
1284 1616 1468 1680 Unde
1513 1619 1590 1681 ut
1632 1616 1915 1681 Marcum
1969 1616 2293 1681 reduceret
2340 1616 2437 1680 ‘de
2485 1617 2616 1680 elo-

374 1723 654 1807 quentia‘
703 1727 764 1787 et
811 1723 908 1786 ‘de
937 1723 1347 1787 orationibus’
1378 1727 1690 1789 tractatus
1718 1707 1863 1788 illos
1892 1724 2246 1808 composuit
2276 1723 2614 1787 admodum

374 1831 653 1910 mutilOS,
701 1853 974 1914 quorum
1019 1852 1267 1894 summa
1313 1832 1380 1895 in
1428 1854 1501 1895 eo
1550 1832 1997 1917 comprehendi
2028 1835 2255 1916 potest,
2304 1835 2379 1896 ut
2407 1831 2616 1915 philo-

373 1937 602 2021 sophia
676 1940 739 2001 et
814 1938 1192 2003 recentiores
1263 1940 1601 2022 scriptores
1677 1943 2191 2019 contemnantur,
2258 1939 2619 2022 eloquentia

375 2050 587 2110 autem
635 2049 946 2129 apparata
993 2067 1068 2109 ex
1114 2046 1467 2129 priscorum
1513 2050 1845 2111 auctorum
1894 2048 2099 2112 verbis
2163 2053 2228 2111 et
2290 2047 2619 2110 sententiis

375 2152 827 2235 impensissime
892 2152 1258 2218 celebretur.
1370 2152 1488 2218 Sed
1545 2176 1678 2218 non
1734 2156 1935 2218 solum
1986 2154 2063 2217 de
2107 2154 2206 2217 his
2253 2153 2495 2218 duobus
2541 2153 2618 2216 li-

375 2258 575 2337 bellis,
625 2281 782 2342 quos
827 2260 1017 2324 modo
1082 2259 1496 2338 laudavimus
1563 2282 1784 2325 verum
1846 2261 2106 2324 omnino
2173 2259 2249 2322 de
2298 2260 2621 2323 Frontone

376 2366 497 2431 hoc
540 2366 839 2430 iudicium
890 2368 1096 2431 facere
1141 2367 1318 2431 licet:
1385 2390 1512 2452 quo
1580 2369 1953 2433 vetustiores
2005 2374 2156 2432 sunt
2211 2367 2480 2446 litterae,
2547 2391 2619 2432 eo

376 2473 808 2540 vehementius
871 2475 1346 2560 praedicantur,
1422 2482 1667 2559 quanto
1733 2482 1949 2542 autem
2008 2481 2157 2541 sunt
2223 2476 2617 2554 recentioreS,

374 2586 559 2647 tanto
611 2584 809 2647 maior
853 2584 929 2647 fit
974 2606 1192 2648 earum
1238 2583 1552 2669 neglectio
1587 2585 1685 2648 vel
1718 2585 1931 2669 potius
1961 2584 2363 2667 vituperatio,
2456 2585 2619 2661 Quid

377 2691 587 2754 enim?
634 2689 938 2753 Catonem
987 2692 1241 2773 eiusque
1287 2695 1627 2755 sectatores
1675 2693 1906 2755 mirum
1953 2697 2269 2773 quantum
2315 2690 2618 2766 celebrat3

376 2794 738 2860 Ciceronem
784 2797 913 2860 iam
960 2797 1167 2861 minus
1213 2798 1454 2876 laudat,
1519 2799 1573 2862 si
1619 2821 1687 2863 re
1732 2821 1882 2863 vera
1928 2804 2021 2862 est
2067 2798 2352 2862 laudatio
2400 2798 2621 2881 appel-

376 2904 589 2983 landa,
638 2905 832 2968 immo
880 2927 1363 2989 nonnumquam
1410 2930 1556 2970 eum
1595 2907 1945 2996 vituperat3
1997 2906 2362 2991 Augusteae
2407 2910 2621 2972 autem

377 3012 604 3076 aetatis
648 3012 1025 3093 scriptorum
1074 3012 1311 3077 nullius
1357 3016 1609 3096 praeter
1637 3012 1979 3078 Horatium
2029 3014 2422 3077 mentionem
2469 3013 2624 3077 facit

378 3124 570 3203 atque
616 3117 871 3182 Horatii
917 3120 1010 3182 ita
1074 3120 1349 3202 quidem,
1416 3125 1489 3185 ut
1552 3126 1743 3203 poeta
1811 3122 2014 3202 magis
2079 3128 2344 3204 propter
2410 3122 2624 3185 hortos

378 3224 888 3290 Maecenatianos
936 3247 1129 3308 quam
1177 3227 1258 3290 ob
1305 3227 1657 3292 carminum
1705 3228 2089 3312 elegantiam
2139 3228 2478 3292 memorari
2527 3229 2621 3291 vi-

381 3332 632 3408 deatum
660 3333 709 3416 ¹)
774 3333 944 3416 quod
1011 3355 1156 3398 vero
1220 3335 1458 3398 attinet
1521 3335 1601 3398 ad
1650 3338 1988 3419 argenteae
2036 3335 2263 3398 aetatis
2312 3338 2618 3413 auctoreS,

377 3440 690 3523 imprimis
736 3439 1038 3505 Senecam
1103 3444 1167 3504 et
1213 3439 1539 3506 Lucanum
1595 3441 2015 3506 infestissimis
2071 3443 2373 3507 conviciis
2418 3443 2622 3506 incre-

380 3549 564 3631 pitat.

515 3670 673 3736 Cum
717 3673 917 3758 igitur
963 3673 1207 3738 Fronto
1256 3674 1836 3739 vehementissimus
1895 3677 1996 3754 sit,
2063 3680 2138 3738 ut
2201 3675 2619 3759 exposuimuS,

382 3784 722 3865 argenteae
786 3781 1013 3844 aetatis
1081 3781 1437 3846 litterarum
1509 3782 1900 3865 vituperator
1964 3788 2028 3848 et
2092 3784 2452 3861 insectator,
2518 3783 2623 3846 vix

381 3887 717 3953 credideris
762 3910 907 3952 eum
953 3888 1143 3952 etiam
1191 3909 1267 3951 ex
1314 3888 1411 3951 his
1457 3889 1686 3953 litteris
1717 3890 2022 3954 vocabula
2058 3912 2408 3973 usurpasse.
2504 3889 2623 3953 At-

379 3997 594 4057 tamen
642 3994 810 4078 apud
860 4017 1002 4059 eum
1049 3996 1454 4079 reperiuntur
1501 3997 1858 4080 complures
1905 4020 2100 4074 voceS,
2161 3996 2387 4079 quibus
2435 3997 2624 4079 primi

528 4223 570 4292 ¹)
608 4244 661 4295 p.
702 4227 787 4291 23,
832 4226 1037 4278 15-18
1075 4226 1131 4278 F.
1185 4227 1373 4281 ‘Plane
1410 4228 1650 4281 multum
1688 4227 1827 4279 mihi
1864 4227 2190 4281 facetiarum
2227 4227 2463 4281 contulit
2500 4227 2626 4281 istic

382 4313 604 4369 Oratius
652 4316 891 4382 FlaccuS,
947 4317 1316 4370 memorabilis
1371 4322 1535 4386 poeta
1591 4316 1838 4384 mihique
1893 4321 2115 4386 propter
2167 4319 2507 4372 Mecenatem
2562 4337 2626 4371 ac

381 4405 787 4459 mecenatianos
807 4406 993 4460 hortos
1012 4423 1159 4460 meos
1188 4424 1297 4460 non
1325 4407 1569 4462 alienus.'
1638 4408 1860 4473 (Locum
1888 4406 2002 4462 iam
2030 4426 2195 4477 supra
2220 4406 2624 4473 indicavimus.)

2199 4496 2270 4550 3*
