3140 5014
1551 304 1591 369 8

451 500 872 565 stantissimos
920 500 1000 565 ad
1048 499 1479 583 eloquentiam
1547 502 1740 583 atque
1803 501 2065 564 omnino
2123 500 2200 564 ad
2258 499 2505 567 litteras
2560 501 2688 565 Ro-

450 629 670 672 manas
717 610 780 672 et
828 608 1117 689 linguam
1174 606 1440 670 latinam
1499 607 1911 674 renovanda&
2004 608 2142 683 Qua
2199 608 2265 671 in
2322 608 2689 690 quaestione

450 715 757 778 maximas
803 714 1114 777 utilitates
1161 714 1477 797 capiemus
1524 736 1599 777 ex
1647 714 2064 797 epistularum
2101 714 2180 778 ad
2224 713 2308 780 M.
2358 712 2684 779 Caesarem

447 822 590 884 loco
637 842 829 904 supra
875 820 1135 884 laudato
1183 820 1272 903 (p.
1323 821 1427 897 62,
1463 821 1502 885 9
1548 820 1738 903 sqq.)‚
1787 842 1913 903 quo
1963 820 2204 885 Fronto
2254 843 2356 886 eos
2401 828 2691 887 auctores

449 928 634 992 laude
680 928 1012 1011 gloriaque
1070 926 1287 1004 afficit,
1344 926 1453 1009 qui
1512 926 1594 990 ad
1650 927 1944 991 notiones
1990 927 2397 992 illustrandas
2445 929 2691 1013 optima

450 1056 738 1119 quaeque
784 1033 1091 1098 vocabula
1138 1032 1565 1097 adhibuerint.

588 1140 965 1224 Priusquam
1034 1141 1248 1205 autem
1310 1138 1389 1203 ad
1451 1140 1735 1222 singulos
1807 1140 2145 1224 scriptores
2218 1142 2687 1227 aggrediamur,

451 1270 653 1332 pauca
699 1246 1168 1332 praeloquenda
1212 1251 1384 1324 sunt,
1452 1268 1614 1329 quae
1674 1232 1937 1312 omnino
2003 1247 2081 1311 ad
2131 1248 2476 1313 Frontonis
2522 1250 2691 1315 anti-

451 1355 716 1439 quitatis
763 1355 861 1419 vel
907 1355 1122 1437 potius
1167 1354 1668 1418 archaismorum
1711 1353 1990 1419 studium
2038 1355 2379 1438 pertinent.

586 1460 800 1545 Atque
846 1460 1004 1525 illud
1054 1461 1307 1545 quidem
1363 1461 1493 1524 iam
1538 1482 1732 1544 supra
1788 1462 2435 1542 commemoravimu8‚
2494 1464 2691 1547 scrip-

451 1575 619 1635 tores
664 1568 804 1632 loco
869 1567 1059 1632 modo
1126 1568 1323 1632 citato
1385 1565 1616 1631 allatos
1672 1567 1790 1632 hac
1844 1568 2240 1652 potissimum
2298 1569 2374 1634 de
2421 1591 2607 1635 causa
2654 1594 2691 1635 a

459 1677 787 1742 Frontone
834 1672 1154 1753 celebrari,
1212 1673 1382 1758 quod
1429 1696 1650 1740 eorum
1710 1697 1893 1756 voces
1950 1682 2014 1741 et
2068 1677 2415 1742 locutiones
2470 1678 2548 1741 ad
2597 1700 2693 1742 res

452 1782 898 1869 significandas
955 1781 1636 1847 accommodatissimae
1701 1804 1829 1847 esse
1886 1783 1943 1848 ei
1994 1783 2388 1849 videbantur.
2482 1784 2693 1868 Atque

454 1892 579 1955 iam
628 1890 830 1955 omnis
876 1888 1222 1954 Frontonis
1269 1888 1632 1971 eloquentia
1686 1890 1755 1953 in
1812 1912 1884 1954 eo
1939 1895 2032 1954 est
2087 1891 2314 1973 posita,
2371 1894 2445 1955 ut
2491 1892 2693 1957 oratio

456 1998 800 2062 adornetur
845 1996 1117 2062 flosculis
1164 2018 1240 2061 ex
1288 1996 1602 2060 veteribus
1648 1997 2011 2061 auctoribus
2058 1996 2385 2080 decerptiS.
2401 1997 2455 2080 ¹)
2541 1998 2692 2063 Pro-

456 2105 622 2169 fecto
670 2106 881 2168 autem
926 2101 1169 2167 Fronto
1218 2102 1550 2166 hominum
1596 2124 1900 2187 magnam
1931 2103 2184 2168 laudem
2223 2104 2690 2191 adipisceretur,

454 2212 507 2275 si
554 2233 626 2275 ea
671 2211 878 2274 solum
934 2208 1122 2274 verba
1187 2214 1541 2293 usurparet,
1611 2231 1772 2293 quae
1836 2211 2061 2294 cuique
2127 2211 2216 2274 rei
2282 2211 2696 2278 declarandae

463 2318 788 2402 aptissima
815 2320 993 2393 sunt3
1041 2316 1147 2381 sed
1176 2320 1431 2381 tantum
1458 2316 1654 2394 abest,
1703 2320 1776 2380 ut
1813 2317 1934 2381 hoc
1963 2317 2175 2395 faciat,
2209 2319 2282 2381 ut
2318 2318 2372 2382 ei
2416 2317 2695 2401 plerum-

461 2447 583 2511 que
630 2424 898 2509 quodvis
945 2424 1206 2488 verbum
1250 2426 1558 2507 appareat
1606 2422 1685 2488 ad
1732 2423 2218 2510 significandum
2264 2424 2695 2507 peridoneum,

464 2532 805 2599 dummodo
837 2554 912 2597 ex
944 2531 1223 2614 antiquis
1251 2531 1479 2595 litteris
1505 2532 1591 2594 sit
1618 2531 2064 2615 depromptum
2095 2532 2174 2599 cf.
2198 2532 2358 2599 Gell.
2390 2532 2560 2597 XIX.
2598 2535 2696 2598 10.

595 2640 801 2715 Quare
862 2640 992 2703 iam
1055 2638 1335 2722 undique
1408 2637 1511 2702 hic
1574 2638 1706 2702 eius
1767 2639 2019 2717 nimius,
2087 2661 2167 2703 ne
2224 2639 2428 2705 dicam
2484 2662 2700 2704 caecus

463 2770 644 2813 amor
702 2768 1021 2811 caseorum
1078 2745 1413 2810 verborum
1478 2749 1540 2809 et
1607 2744 1952 2808 dictionum
2019 2746 2238 2810 elucet.
2345 2745 2700 2811 Innumeris

461 2856 614 2920 locis
669 2854 1027 2937 discipulos,
1096 2856 1167 2916 ut
1223 2851 1526 2916 eiusmodi
1585 2852 1887 2916 orationis
1942 2856 2172 2917 ornatu
2237 2855 2522 2930 utantur,
2588 2853 2699 2918 ad-

465 2965 700 3039 monet,
750 2960 1085 3044 praecipue
1114 2980 1261 3023 vero
1300 2980 1445 3023 cum
1471 2957 1758 3023 Marcum
1798 2959 2195 3041 eloquentiae
2233 2959 2442 3024 studio
2473 2961 2698 3024 omisso

463 3070 529 3133 in
578 3067 1051 3152 philosophiam
1090 3065 1451 3130 incumbere
1488 3065 2038 3129 animadverteret.
2052 3064 2104 3148 ²)
2175 3066 2701 3150 Quotiescumque

466 3179 678 3239 autem
737 3173 980 3238 alumni
1037 3173 1367 3238 vetustatis
1431 3173 1639 3237 colore
1696 3172 1995 3255 epistulas
2059 3173 2159 3237 vel
2215 3173 2529 3238 orationes
2594 3196 2701 3236 ex-

468 3284 797 3358 ornarunt,
850 3279 1253 3345 vehementer
1298 3279 1379 3343 ab
1425 3300 1498 3343 eo
1546 3278 2009 3346 collaudantur.
2099 3278 2315 3344 Liceat
2359 3279 2703 3344 Frontonis

466 3389 661 3472 ipsius
725 3387 913 3452 verba
986 3386 1295 3454 ascribere
1369 3409 1429 3469 p.
1490 3387 1596 3463 63,
1655 3386 1733 3450 21
1759 3386 1941 3450 —24
2008 3385 2229 3461 ‘Quam
2299 3387 2379 3451 ob
2442 3408 2570 3451 rem
2638 3388 2703 3450 te

614 3563 656 3632 ¹)
695 3565 759 3619 cf.
800 3583 852 3634 p.
906 3564 1022 3628 140,
1073 3565 1209 3617 3-5
1261 3562 1374 3627 ‘ita,
1450 3562 1546 3616 ubi
1592 3563 1882 3617 verborum
1927 3562 2212 3632 praesidiis
2259 3581 2393 3632 opus
2447 3562 2536 3628 sit,
2594 3580 2704 3616 non

467 3654 794 3709 voluntariis
830 3655 1070 3717 tantum,
1110 3668 1252 3720 quae
1280 3652 1428 3705 ultro
1456 3651 1795 3716 obvenerint,
1835 3654 2069 3717 utemur,
2109 3651 2203 3706 sed
2239 3651 2543 3706 latentia
2581 3651 2720 3705 eli--

470 3743 718 3798 ciemus
756 3745 924 3810 atque
961 3742 1032 3796 ad
1068 3740 1453 3810 imperandum
1489 3739 1912 3810 indagabimus.'

617 3831 657 3900 ²)
697 3831 761 3886 cf.
803 3848 846 3885 e.
887 3849 939 3900 g.
978 3849 1030 3900 p.
1076 3831 1190 3895 151,
1230 3830 1371 3883 4-8
1429 3830 1509 3884 ‘ut
1544 3832 1795 3884 veterum
1841 3831 2130 3894 commata,
2188 3832 2253 3883 ut
2307 3830 2427 3883 cola
2471 3846 2702 3897 synony-

470 3939 686 3975 morum
721 3918 935 3975 ratione
973 3922 1312 3974 converteres
1352 3947 1416 3956 —
1455 3919 1632 3988 prisco
1677 3920 1844 3974 verbo
1890 3919 2197 3983 adornares,
2247 3919 2481 3973 colorem
2525 3919 2704 3972 vetus-

472 4011 658 4065 culum
720 4008 1077 4078 adpingeres?
1141 4010 1257 4074 154,
1315 4009 1346 4063 9
1421 4009 1595 4062 ‘nulla
1646 4009 1936 4062 verborum
1989 4007 2311 4077 indagatio!
2405 4007 2471 4061 cf.
2537 4006 2706 4061 etiam

472 4119 524 4169 p.
565 4100 650 4164 99,
698 4098 916 4151 11—15.
993 4097 1200 4163 Quibus
1239 4115 1306 4152 ex
1342 4097 1474 4151 locis
1529 4097 1645 4152 iam
1697 4097 1991 4152 manifesto
2039 4100 2283 4166 apparet,
2342 4114 2510 4164 quam
2561 4095 2707 4149 male

472 4189 676 4242 Fronto
713 4187 1078 4256 praeceptoris
1116 4204 1340 4241 munere
1376 4186 1599 4241 functus
1636 4187 1725 4241 sit.
1800 4187 1996 4254 Itaque
2034 4186 2234 4240 mirum
2270 4204 2380 4239 non
2417 4187 2515 4249 est,
2563 4183 2708 4252 quod

472 4279 687 4331 Marcus
724 4277 838 4332 deis
875 4276 1086 4346 gratias
1123 4276 1258 4346 egit,
1314 4275 1461 4344 quod
1515 4275 1575 4329 in
1623 4276 1729 4331 tali
1776 4276 2095 4344 eloquentia
2129 4275 2280 4329 haud
2315 4274 2550 4328 nimium
2588 4292 2707 4343 pro-

472 4366 703 4422 fecisset.
