3140 5014
1447 285 1529 350 21

367 480 538 544 solus
584 480 825 545 Plinius
871 504 932 546 n.
979 483 1043 546 h.
1092 480 1234 548 VII.
1284 480 1370 548 85
1417 482 1537 547 hoc
1583 481 1975 549 deminutivo
2024 484 2173 547 ante
2219 481 2608 551 Frontonem

368 610 515 653 usus
561 595 681 665 est3
746 595 892 673 post
946 589 1331 655 Frontonem
1393 593 1785 674 usurparunt
1831 588 2120 655 Ambros.
2171 593 2340 658 cant.
2386 591 2607 655 cantic.

368 696 428 760 4.
459 697 564 774 30,
603 698 711 773 11;
762 696 1040 765 hexaem.
1089 696 1146 763 5.
1188 699 1293 765 21.
1325 699 1441 778 70;
1490 697 1834 783 Augustin.
1885 720 1981 781 ep.
2027 699 2171 763 173.
2206 700 2276 774 83
2325 697 2606 762 Priscian

365 825 427 885 p.
484 804 627 881 107,
682 805 762 868 13
810 804 891 870 K.
949 804 1028 869 cf.
1080 805 1228 883 242,
1278 805 1321 868 4
1366 804 1446 868 K.

498 929 652 1014 Pag.
706 930 851 1008 157,
906 933 937 995 1
989 930 1061 995 F.
1127 931 1539 1016 argentiolus.
1637 931 1800 996 Rud.
1871 929 1983 994 IV.
2048 933 2108 1005 4,
2178 932 2335 1017 1253
2408 930 2602 996 schol.

363 1035 509 1101 Juv.
565 1037 667 1112 14,
715 1038 842 1128 291
893 1037 1328 1121 (substantiv.)

497 1160 697 1226 Paulo
763 1163 970 1226 minus
1036 1184 1229 1245 quam
1289 1162 1593 1226 Plautum
1639 1160 1885 1226 Fronto
1952 1162 2257 1246 expilavit
2304 1162 2602 1241 Ennium,

363 1269 478 1333 etsi
525 1268 793 1334 eundem
848 1270 948 1333 vel
1013 1271 1215 1355 magis
1278 1269 1505 1335 Plauto
1570 1270 1776 1334 verbis
1839 1269 2233 1353 inquirendis
2293 1269 2604 1337 studuisse

361 1376 704 1459 praedicat.
771 1377 848 1443 cf.
916 1400 979 1460 p.
1048 1378 1152 1455 62,
1207 1379 1308 1442 18.
1420 1377 1587 1442 Sane
1653 1378 1868 1441 multis
1934 1377 2191 1461 quidem
2253 1376 2408 1441 locis
2472 1377 2604 1441 eius

361 1484 747 1547 mentionem
812 1484 967 1548 facit
990 1483 1038 1567 ¹)
1105 1488 1298 1568 atque
1362 1484 1682 1548 versiculis
1746 1485 1879 1549 eius
1942 1484 2245 1568 epistulas
2310 1484 2599 1561 adornat,

358 1611 484 1672 qua
530 1611 597 1653 re
643 1591 935 1656 effectum
998 1593 1109 1670 est,
1177 1596 1249 1656 ut
1302 1591 1616 1656 Frontoni
1678 1590 1795 1655 soli
1862 1590 2175 1655 nonnulla
2240 1590 2602 1674 fragmenta

358 1696 652 1762 Enniana
717 1698 1078 1777 debeamus;
1142 1697 1250 1781 (cf.
1302 1698 1491 1763 Vahl.
1550 1721 1614 1781 p.
1662 1700 1726 1763 4.
1782 1699 1881 1762 13.
1936 1697 2081 1763 145.
2136 1698 2317 1779 179);
2380 1696 2488 1760 sed
2534 1697 2598 1760 in

355 1804 716 1870 universum
748 1806 1095 1871 Frontonis
1141 1805 1595 1870 vocabulorum
1641 1806 1825 1889 copia
1872 1827 2018 1897 cum
2065 1804 2265 1869 lexico
2300 1803 2599 1869 Plautino

356 1912 558 1998 magis
605 1914 901 1999 congruit
947 1937 1137 1998 quam
1182 1935 1326 1978 cum
1362 1912 1678 1978 Enniano.
1773 1912 1999 1996 Itaque
2045 1911 2216 1976 haud
2262 1914 2362 1976 tot
2407 1911 2599 1974 Ennii

352 2021 738 2085 imitationes
786 2022 1057 2105 proponi
1103 2024 1388 2105 possunt,
1439 2043 1634 2105 quam
1678 2021 1747 2084 in
1795 2020 2028 2086 Plauto
2077 2019 2320 2083 factum
2367 2022 2477 2085 est.

486 2144 701 2227 Atque
747 2145 901 2209 haec
948 2145 1200 2227 quidem
1249 2144 1727 2208 adnotavimus:

491 2268 642 2353 Pag.
696 2270 799 2347 86,
852 2268 937 2334 25
986 2268 1072 2335 Μ.
1127 2269 1240 2332 ‘ius
1288 2271 1352 2332 et
1397 2268 1709 2351 aequom'.
1759 2267 1924 2332 Enn.
1975 2272 2141 2353 trag.
2194 2268 2344 2333 224.

495 2374 646 2459 Pag.
700 2376 849 2454 238,
883 2377 922 2441 6
972 2375 1042 2440 F.
1097 2374 1389 2440 ‘secundo
1437 2397 1689 2441 rumore
1719 2375 1980 2459 populi'.
2030 2374 2196 2439 Enn.
2245 2396 2393 2438 ann.
2437 2376 2595 2457 2603

355 2487 680 2567 praeterea
745 2483 981 2568 legitur
1046 2483 1201 2548 haec
1265 2482 1459 2549 dictio
1524 2482 1773 2566 poetica
1838 2482 2006 2567 apud
2064 2480 2189 2547 Cic.
2246 2480 2323 2547 de
2371 2482 2493 2548 div.
2543 2481 2593 2546 Ι.

360 2591 460 2655 16.
512 2592 596 2656 29
652 2620 722 2643 =
777 2595 943 2677 trag.
1011 2591 1132 2655 inc.
1200 2591 1321 2655 inc.
1389 2592 1473 2656 89
1534 2590 1747 2668 Ribb.;
1796 2590 1988 2676 Verg.
2046 2590 2207 2654 Aen.
2257 2588 2433 2656 VIII.
2482 2591 2595 2667 90;

352 2693 506 2760 Hor.
559 2720 653 2780 ep.
704 2697 754 2761 Ι.
811 2699 910 2776 10,
961 2699 1031 2774 9;
1097 2697 1346 2762 Fenest.
1407 2696 1579 2781 apud
1625 2697 1795 2762 Non.
1845 2698 1995 2776 385,
2050 2699 2162 2774 173
2222 2696 2442 2762 Sueius
2489 2720 2590 2780 ap.

350 2801 546 2869 Macr.
596 2809 712 2869 sat.
762 2804 875 2868 VI.
931 2808 987 2870 1.
1038 2806 1121 2870 37
1198 2834 1268 2858 =
1338 2804 1537 2869 Lucil.
1599 2804 1693 2870 ed.
1744 2804 1815 2869 L.
1866 2804 2050 2869 Miill.
2115 2828 2177 2889 p.
2229 2806 2384 2882 3115
2449 2803 2593 2870 Tac.

350 2933 497 2975 ann.
548 2910 663 2976 ΙΙΙ.
715 2914 820 2991 29,
876 2913 987 2989 13;
1045 2912 1236 2996 Apul.
1288 2916 1419 2976 met
1464 2911 1576 2977 IX.
1627 2914 1733 2978 24.

485 3018 637 3102 Pag.
691 3021 795 3098 66,
847 3021 934 3085 24
978 3019 1067 3085 Μ.
1121 3020 1450 3103 ‘oppidum
1498 3020 1823 3085 anticum‘.
1918 3019 2084 3084 Enn.
2135 3022 2299 3103 trag.
2351 3020 2501 3085 324.

482 3125 638 3210 Pag.
689 3126 840 3205 235,
890 3128 931 3191 2
980 3126 1052 3193 F.
1106 3128 1174 3190 ‘si
1223 3127 1443 3206 noctis,
1492 3128 1544 3190 si
1590 3127 1750 3192 lucis
1795 3127 1859 3192 id
1907 3132 2157 3211 tempus
2203 3126 2371 3202 erit'3
2418 3127 2593 3190 simi-

344 3231 493 3295 liter
538 3231 700 3299 Enn.
749 3255 896 3297 ann.
947 3233 1096 3298 412.

477 3357 651 3433 Quae
696 3363 1022 3442 praeterea
1070 3380 1144 3422 ex
1192 3358 1403 3424 Ennio
1449 3359 1718 3425 fortasse
1758 3359 2001 3424 Fronto
2050 3359 2281 3438 hausit,
2333 3381 2406 3424 ea
2450 3362 2592 3423 tum

344 3465 768 3547 proferentur,
835 3487 979 3530 eum
1027 3466 1312 3545 omnin0,
1363 3488 1526 3550 quae
1574 3489 1649 3531 ex
1696 3467 1936 3551 priscae
1984 3466 2325 3531 latinitatis
2372 3469 2590 3531 aucto-

341 3571 512 3634 ribus
560 3572 854 3656 decerpta
898 3578 1068 3651 sunt,
1117 3572 1594 3638 recensebimus

475 3693 608 3758 Iam
656 3697 1063 3781 aggredimur
1109 3697 1188 3762 ad
1239 3697 1514 3781 reliquos
1581 3703 1802 3782 poetas
1866 3702 2108 3764 veteres
2172 3722 2211 3763 a
2257 3698 2587 3763 Frontone

488 3908 525 3976 ¹)
564 3909 630 3963 cf.
670 3928 721 3978 p.
769 3911 848 3975 12,
894 3912 957 3964 16
994 3912 1036 3965 F
1049 3934 1061 3976 ;
1102 3911 1186 3976 20,
1228 3913 1262 3964 4
1299 3912 1370 3976 F;
1411 3912 1495 3977 54,
1538 3913 1605 3966 19
1642 3912 1685 3964 F
1724 3911 1993 3979 (loquitur
2028 3912 2094 3966 de
2131 3912 2379 3967 oratione
2416 3913 2584 3967 Ennii

336 4000 512 4054 verbis
551 4000 882 4068 exornanda)
938 4019 990 4070 p.
1033 4002 1116 4066 60,
1158 4002 1226 4056 28
1263 4003 1336 4055 Μ.
1395 4001 1461 4056 cf.
1500 4001 1707 4070 Haupt.
1766 4018 1850 4069 op.
1891 4001 1959 4055 II.
2020 4020 2070 4070 p.
2113 4002 2243 4065 349;
2298 4020 2350 4070 p.
2392 4002 2476 4066 61,
2524 4005 2586 4057 17

334 4090 487 4153 (Sota
524 4090 828 4156 Ennianus)
866 4109 918 4159 p.
961 4092 1042 4156 66,
1086 4092 1116 4143 3
1154 4092 1221 4155 F3
1284 4092 1400 4155 105,
1440 4091 1474 4144 4
1509 4093 1583 4145 M.
1643 4090 1747 4158 (est
1792 4107 1967 4145 sermo
2006 4092 2072 4146 de
2109 4092 2377 4161 excerptis
2415 4093 2580 4146 Enni-

334 4177 474 4245 anis)
512 4197 563 4248 p.
608 4180 726 4244 114,
749 4181 781 4232 2
819 4180 876 4233 F.
919 4181 1255 4249 (appellatur
1275 4181 1485 4234 Ennius
1509 4181 1920 4248 ‘multiformis')
1965 4182 2080 4246 149,
2108 4182 2172 4235 19
2200 4181 2268 4245 F;
2309 4183 2430 4247 217,
2452 4185 2583 4251 6sq.

334 4253 617 4321 (laudatur
654 4269 1036 4339 fragmentum
1074 4286 1140 4324 ex
1177 4270 1344 4324 Ennii
1382 4270 1700 4338 Telamone)
1736 4289 1789 4339 p.
1834 4270 1955 4337 224,
1996 4271 2028 4324 9
2066 4271 2122 4325 F.
2178 4269 2381 4338 (Marco
2419 4272 2585 4326 Ennii

334 4357 623 4412 'ectionem
669 4358 1054 4428 commendat).
1531 4394 1536 4398 -

2500 4546 2511 4556 δ

2489 4603 2526 4614 ἣν
2743 4589 2784 4618 *us

2477 4643 2492 4654 ,.
