3140 5014
1288 299 1515 427 κ11

363 506 726 601 proximum
789 514 901 593 est,
969 482 1341 598 0118108010
1388 511 1797 595 colligamus,
1865 531 2029 594 quae
2081 498 2474 574 Frontonem
2530 517 2607 572 ex

368 623 666 689 Sallustio
697 620 1155 705 deprompsisse
1200 618 1730 684 verisimillimum
1775 621 1886 685 est.
1981 617 2190 701 Atque
2238 616 2315 681 de
2360 619 2614 681 senten-

367 732 473 796 tiis
536 734 601 795 et
662 728 992 795 antithetis
1052 727 1181 791 iam
1245 726 1541 803 diximus;
1602 728 1931 810 praeterea
1978 729 2193 789 autem
2240 722 2613 789 Sallustium

370 841 661 931 spectant
706 836 887 901 haec:

500 945 653 1030 Pag.
720 944 869 1022 204,
922 945 957 1008 7
1016 942 1086 1009 F.
1137 942 1323 1026 ‘vagi,
1371 939 1701 1024 palantes'.
1768 939 1918 1026 Jug.
1988 941 2089 1006 18.
2147 940 2188 1004 2
2254 936 2361 1021 (cf.
2425 936 2608 1002 Nieb.

367 1075 430 1136 p.
480 1051 668 1134 241);
714 1050 1004 1114 similiter
1049 1047 1183 1113 Liv.
1231 1047 1404 1115 XXI.
1456 1049 1560 1112 61.
1612 1048 1671 1111 2.

498 1160 652 1246 Pag.
710 1160 854 1238 132,
911 1160 994 1224 14
1041 1158 1119 1226 V.
1189 1160 1429 1221 ‘tantae
1483 1156 1611 1239 (res
1655 1153 1895 1240 gestae)
1943 1161 2157 1221 autem
2205 1155 2609 1233 videbuntur,

368 1270 640 1351 quantas
683 1271 759 1331 tu
806 1288 910 1331 eas
955 1263 1157 1329 videri
1201 1263 1414 1330 voles'.
1509 1261 1643 1330 Cat.
1683 1265 1743 1328 8.
1776 1262 1819 1326 4
1866 1261 1974 1346 (cf.
2024 1262 2307 1327 Alanum
2351 1263 2424 1333 in,
2466 1260 2611 1326 add.
2682 1247 2689 1253 ⁶

365 1375 512 1441 edit.
558 1373 725 1441 Nab.
775 1396 837 1456 p.
887 1371 1068 1455 294).

496 1481 653 1565 Pag.
706 1479 852 1559 155,
922 1480 1002 1544 13
1063 1478 1134 1543 F.
1204 1481 1453 1562 ‘parum
1508 1478 1929 1562 eloquentiae,
1994 1476 2344 1561 sapientiae
2407 1475 2610 1543 nihil'.

366 1586 498 1652 Cat.
545 1588 607 1654 5.
658 1587 719 1653 4.
954 1614 957 1619 ·

494 1693 647 1779 Pag.
696 1695 802 1773 35,
862 1694 902 1759 9
959 1692 1046 1759 M.
1134 1692 1442 1758 ‘faucibus
1505 1691 1818 1777 urgebat’.
1929 1688 2063 1759 Cat.
2128 1692 2235 1757 52.
2284 1690 2389 1758 35.
2499 1690 2609 1774 (cf.

363 1800 741 1868 Ehrenthal.
791 1801 834 1868 l.
884 1822 934 1864 c.
984 1824 1046 1884 p.
1094 1801 1179 1865 37
1231 1800 1376 1864 adn.
1429 1800 1560 1883 77.)

499 1908 655 1993 Pag.
710 1906 856 1987 195,
912 1910 991 1972 12
1040 1906 1112 1972 F.
1165 1907 1409 1992 ‘globus
1456 1907 1746 1992 equitum
1791 1905 2271 1971 Romanorum'.
2320 1904 2468 1990 Jug.
2503 1905 2609 1972 85.

368 2016 450 2081 10
511 2017 740 2099 globus
802 2014 1186 2095 nobilitatis;
1257 2015 1404 2080 hist.
1464 2013 1581 2080 ΠΙ.
1653 2015 1736 2079 78
1784 2012 1877 2090 Κ;
1945 2035 2020 2078 ex
2078 2011 2380 2078 Sallustio
2445 2012 2612 2077 hanc

365 2119 583 2187 vocem
632 2122 851 2185 eodem
895 2142 1081 2184 sensu
1126 2126 1503 2203 receperunt
1547 2119 1764 2185 Livius
1812 2122 1875 2183 et
1921 2119 2198 2185 Tacitus.

497 2227 652 2310 Pag.
700 2227 850 2304 214,
905 2228 987 2291 14
1033 2226 1104 2290 F.
1170 2227 1433 2292 intutus
1499 2226 1646 2291 hist.
1714 2225 1901 2309 (orat.
1951 2226 2116 2291 Phil.
2164 2248 2215 2292 c.
2261 2224 2510 2309 Lepid.)
2558 2223 2608 2292 I.

370 2333 475 2399 51.
530 2335 608 2398 17
626 2357 640 2409 ;
688 2333 812 2397 hoc
858 2354 1110 2416 quoque
1156 2332 1419 2397 verbum
1462 2331 1677 2397 Livius
1722 2337 1790 2398 et
1835 2331 2091 2398 Tacitus
2136 2336 2612 2417 assumpserunt

360 2464 434 2505 ex
484 2440 804 2507 Sallustio

495 2548 662 2633 Pagi*
697 2550 804 2626 40,
854 2549 938 2613 23
984 2547 1072 2615 Μ.
1122 2551 1187 2614 et
1232 2549 1338 2627 41,
1388 2550 1474 2614 22
1521 2547 1593 2614 F.
1651 2548 1976 2613 consultor
2012 2576 2084 2601 =
2119 2548 2229 2631 qui
2275 2547 2610 2613 consilium

360 2654 490 2723 dat.
539 2655 690 2741 Jug.
739 2656 846 2720 64.
896 2654 966 2732 53
1033 2655 1139 2722 85.
1186 2657 1305 2736 47;
1374 2657 1520 2721 103.
1574 2658 1642 2733 73
1712 2656 1859 2720 hist.
1926 2654 2048 2739 (or.
2106 2655 2234 2719 Lic.
2285 2655 2365 2720 ad
2412 2655 2607 2739 pleb.)

359 2761 477 2829 III.
530 2763 633 2828 82.
688 2762 801 2840 15;
849 2762 996 2829 hist.
1046 2761 1164 2845 (or.
1214 2761 1380 2826 Phil.
1430 2785 1481 2830 c.
1521 2761 1705 2847 Lep.)
1753 2759 1801 2828 I.
1848 2762 1951 2830 51.
2005 2765 2075 2848 1;
2124 2762 2270 2828 hist.
2317 2762 2442 2828 inc.
2491 2761 2607 2839 573

360 2874 454 2935 est
499 2891 621 2934 vox
668 2870 968 2954 vulgariS,
1036 2892 1200 2953 quae
1260 2870 1328 2934 in
1394 2870 1733 2954 proverbio
1798 2869 1927 2935 fuit
1997 2870 2230 2934 usitata
2292 2870 2373 2937 cf.
2423 2868 2609 2935 Varr.

356 2999 409 3043 r.
458 2998 508 3043 r.
558 2975 671 3043 III.
719 2978 780 3044 2.
836 2980 891 3044 1.
984 2977 1144 3044 Gell.
1192 2976 1302 3043 IV.
1353 2977 1410 3043 5.
1456 2978 1527 3054 5;
1587 3001 1665 3042 ex
1713 2976 2014 3043 Sallustio
2065 2977 2413 3062 desumpsit
2458 2978 2604 3043 Tac.

358 3106 507 3149 ann.
554 3082 667 3150 VI.
723 3085 824 3161 16,
874 3086 914 3148 9
962 3083 1044 3148 Η.

490 3189 645 3274 Pag.
676 3190 828 3267 232,
871 3189 958 3254 25
1006 3190 1077 3257 F.
1126 3192 1397 3256 ‘nullum
1442 3213 1596 3276 ergo
1644 3191 1813 3256 inter
1860 3190 2062 3256 bonos
2110 3214 2182 3258 ac
2227 3192 2425 3258 malos
2472 3192 2605 3256 for-

359 3301 663 3361 tunarum
713 3295 1043 3361 discrimen
1093 3297 1273 3363 erit?'
1368 3295 1504 3362 Cat.
1555 3299 1661 3365 52.
1710 3300 1812 3365 22.

491 3403 747 3481 Restat,
816 3403 986 3486 quod
1050 3405 1241 3468 tertio
1308 3406 1541 3489 prioris
1606 3406 2289 3471 commentatiunculae
2352 3410 2604 3471 nostrae

358 3510 494 3573 loco
541 3509 949 3574 tractandum
1014 3510 1215 3588 nobis,
1261 3512 1723 3594 proposuimus,
1789 3516 1864 3576 ut
1928 3513 2331 3596 explicemus,
2399 3514 2605 3598 qualis

357 3615 552 3680 fuerit
598 3616 942 3681 Frontonis
989 3618 1372 3683 existimatio
1432 3618 1508 3682 de
1573 3620 1778 3702 poetis
1843 3621 1944 3684 vel
2010 3642 2320 3703 quosnam
2377 3643 2454 3685 ex
2518 3621 2604 3684 eis

352 3722 544 3786 laude
589 3725 783 3806 atque
828 3724 1254 3788 aemulatione
1299 3724 1598 3788 habuerit
1645 3725 2059 3810 dignissimos.
2153 3725 2313 3790 Cum
2358 3724 2603 3790 Fronto

355 3833 687 3894 oratorum
730 3831 1175 3895 tantummodo
1223 3829 1532 3895 Catonem
1592 3835 1657 3896 et
1703 3831 2062 3897 Gracchum
2117 3835 2181 3896 et
2228 3830 2604 3898 Sallustium

354 3936 560 4019 (hunc
618 3934 912 4001 videlicet
982 3939 1050 4003 in
1123 3938 1517 4002 orationibus
1592 3938 1870 4003 historiis
1932 3937 2214 4020 insertis)
2277 3939 2345 4003 in
2410 3940 2601 4004 verba

355 4045 630 4108 maxime
658 4043 883 4109 idonea
915 4050 979 4110 et
1013 4045 1273 4129 propria
1301 4067 1558 4129 operam
1591 4067 1851 4111 navasse
1879 4045 2217 4125 existimet,
2267 4051 2602 4130 poetarum

352 4151 484 4214 iam
549 4148 752 4215 multo
801 4152 1011 4235 plures
1058 4153 1115 4217 ei
1162 4153 1252 4217 rei
1297 4152 1604 4218 studuisse
1657 4153 1999 4237 praedicat,
2065 4157 2257 4237 atque
2314 4155 2602 4220 omnium

355 4258 614 4338 quidem
661 4260 933 4324 maxime
978 4259 1282 4324 Plautum
1327 4265 1392 4325 et
1438 4260 1738 4341 Ennium,
1788 4264 2041 4345 praeter
2086 4262 2218 4327 hos·
2247 4262 2437 4328 etiam
2467 4262 2600 4327 Lu-

355 4365 645 4444 cretium,
697 4366 975 4447 Accium,
1025 4366 1381 4447 Laberium,
1430 4365 1791 4448 Caecilium,
1840 4367 2170 4433 Naevium.
2267 4369 2348 4436 cf.
2397 4392 2461 4453 p.
2491 4371 2597 4448 62,

2175 4475 2209 4529 2
