3140 5014
788 280 802 313 1

1490 353 1580 422 59

413 552 571 606 metu
605 567 821 621 magno¹
847 552 905 605 et
939 568 1142 620 pavore
1189 550 1272 616 73,
1312 551 1381 607 22
1418 551 1476 607 Ε.

415 639 523 695 oris
549 641 609 694 et
633 639 780 694 vocis
808 641 865 694 et
891 639 1183 697 facundiae
1221 643 1305 707 97,
1326 643 1392 697 21
1418 642 1476 695 Ε.

415 728 531 783 otio
567 731 626 783 et
661 729 849 798 quiete
885 731 972 795 89,
1010 731 1079 785 24
1117 732 1174 785 F.

414 816 522 873 oris
551 818 776 873 detexta
793 821 852 874 et
869 818 1191 876 revimentis
1225 849 1272 859 —-
1298 821 1482 879 cincta

524 907 657 972 211,
685 908 893 964 20-21
934 910 991 964 F.

417 997 625 1052 socium
660 1000 718 1053 et
753 998 1034 1068 optionem
1071 1000 1156 1065 45,
1195 1000 1229 1054 4
1264 1001 1347 1067 Μ;
1395 1001 1482 1067 45,

529 1087 736 1142 11-12
771 1088 829 1142 Ε.

416 1176 598 1230 sordes
633 1178 692 1230 et
724 1176 946 1232 illuvies
986 1177 1103 1243 158,
1147 1179 1211 1232 18
1247 1179 1305 1233 F.

417 1265 600 1319 studio
640 1295 705 1303 —-
744 1269 802 1321 et
837 1266 1036 1334 labore⁴
1059 1268 1144 1333 22,
1190 1267 1254 1322 12
1290 1268 1348 1322 Ε.

418 1354 535 1408 sine
571 1355 628 1408 vi
666 1357 723 1409 et
758 1355 950 1425 vigore
992 1352 1108 1422 128,
1148 1358 1219 1412 23
1255 1357 1313 1412 F.

417 1443 500 1497 vis
537 1446 595 1498 et
630 1447 874 1514 potestas
915 1445 996 1510 14,
1040 1446 1103 1499 12
1140 1445 1197 1499 Ε.

417 1531 633 1601 viperas
696 1533 931 1588 lacertas
986 1538 1043 1589 et
1104 1535 1342 1590 natrices
1405 1534 1486 1604 (in

522 1623 722 1692 marg.)
760 1624 880 1689 218,
920 1624 954 1678 4
991 1623 1049 1678 F.

419 1817 609 1854 curam
644 1801 965 1871 cultumque
1006 1804 1121 1870 103,
1158 1805 1215 1859 11
1257 1805 1326 1869 Ε;
1371 1805 1485 1869 136,

530 1889 594 1944 10
633 1891 690 1943 F.

420 1996 550 2033 cura
585 1979 990 2050 diligentiaque
1033 1983 1149 2047 133,
1192 1983 1251 2037 11
1293 1984 1352 2037 F.

420 2067 745 2123 deliciarum
762 2069 1224 2140 voluptatumque
1243 2074 1328 2138 45,
1349 2074 1419 2128 20
1430 2075 1487 2127 Ε.

421 2156 821 2212 existimationi
857 2161 990 2214 tuae
1025 2160 1331 2230 famaeque,
1371 2162 1487 2226 192,

532 2247 595 2300 13
634 2246 692 2300 F.

421 2334 760 2405 gravitatem
814 2337 1313 2408 auctoritatemque
1373 2340 1490 2406 173,

534 2425 595 2478 11
636 2425 693 2479 F.

421 2514 650 2570 insidias
685 2514 1015 2585 fraudesque
1052 2518 1173 2583 218,
1217 2519 1281 2573 13
1318 2520 1376 2573 F.

422 2604 583 2658 modo
618 2606 1163 2675 temperamentoque
1199 2608 1285 2673 22,
1327 2612 1358 2663 9
1395 2609 1453 2663 F.

421 2693 602 2747 multa
638 2711 804 2763 opera
850 2695 1139 2765 multaque
1183 2715 1316 2752 cura
1369 2699 1491 2764 228,

531 2783 744 2836 23-24
781 2783 839 2837 F.

422 2888 521 2940 pro
558 2874 658 2927 tua
685 2872 980 2941 prudentia
1007 2873 1494 2947 intelligentiaque

535 2960 652 3026 176,
693 2963 900 3017 20—21
941 2963 998 3018 F.

430 3137 615 3191 nullus
651 3138 775 3192 finis
808 3157 911 3195 nec
945 3142 1137 3198 modus
1195 3144 1312 3209 158,
1351 3145 1383 3198 5
1422 3145 1489 3210 Ε;

533 3225 600 3279 cf.
642 3227 725 3292 18,
766 3228 798 3281 3
834 3228 892 3282 F.

426 3314 715 3369 delubrum
743 3318 841 3371 aut
867 3317 1063 3371 fanum
1090 3309 1192 3374 aut
1207 3322 1492 3390 templum

535 3404 618 3470 66,
657 3405 723 3459 27
763 3406 835 3460 Μ.

425 3493 684 3548 facundia
721 3497 822 3550 aut
849 3495 1168 3563 eloquentia
1203 3497 1289 3563 27,
1324 3498 1387 3552 11
1416 3500 1488 3554 Μ.

719 3672 770 3725 2.
820 3672 1194 3730 Adiectiva.

426 3777 566 3831 comi
587 3777 767 3846 adque
785 3779 1018 3833 adfabili
1027 3780 1275 3836 oratione
1289 3783 1373 3847 53,
1388 3782 1417 3835 7
1430 3783 1488 3837 F.

426 3866 625 3920 durum
668 3884 856 3935 prosus
902 3871 1073 3937 atque
1126 3869 1493 3926 inhumanum

540 3955 654 4020 115,
700 3956 725 4009 1
764 3956 821 4011 F.

426 4044 694 4100 famosam
714 4048 883 4114 atque
902 4046 1234 4102 celebratam
1253 4050 1338 4114 37,
1361 4049 1421 4104 16
1432 4048 1490 4103 F.

425 4195 599 4258 bonus
636 4221 701 4258 ac
735 4204 1008 4275 benignus
1046 4206 1131 4271 85,
1172 4207 1240 4260 22
1276 4207 1334 4261 F.

427 4293 608 4346 laetus
645 4310 710 4348 ac
745 4292 922 4348 libens
964 4294 1080 4359 192,
1125 4295 1183 4348 11
1226 4295 1283 4349 F.

425 4381 605 4436 malus
642 4399 708 4437 ac
741 4382 1053 4437 malitiosus
1090 4383 1176 4448 24,
1216 4385 1248 4438 9
1286 4384 1345 4439 F.

1587 551 1766 622 primo
1802 568 1866 606 ac
1901 547 2186 620 potissimo
2225 551 2311 617 52,
2353 550 2419 606 17
2455 549 2516 606 Ε.
2568 548 2655 619 (cf.

1694 658 1837 710 quae
1872 639 2111 696 diximus
2147 659 2201 709 p.
2241 639 2331 707 41)

1588 729 1967 800 semiperitum
1977 728 2412 786 acsemidoctum
2422 729 2482 783 61
2495 770 2507 793 ,
2519 728 2589 784 24
2598 729 2656 782 F.

1590 819 1806 876 subitus
1842 838 1908 874 ac
1942 819 2264 889 repentinus
2304 819 2352 883 7,
2399 818 2462 872 15
2499 817 2558 871 F.

1591 998 1731 1053 bone
1750 999 1807 1052 et
1825 996 2033 1066 optime
2071 1000 2155 1062 39,
2181 996 2243 1051 11
2274 998 2346 1052 Μ.
2384 997 2452 1051 cf.
2483 996 2568 1062 49,
2593 996 2659 1049 27

1700 1089 1757 1142 et
1767 1087 2017 1141 Eussner.
2029 1087 2166 1141 Mus.
2180 1086 2354 1142 Rhen.
2367 1084 2659 1141 XXV.546.

1593 1178 1766 1232 claros
1804 1178 1861 1234 et
1897 1165 2107 1231 nobiles
2144 1175 2265 1240 227,
2311 1175 2372 1228 17
2411 1175 2469 1229 F.

1593 1267 1759 1321 verba
1795 1267 2049 1321 contorta
2083 1268 2142 1320 et
2177 1263 2485 1318 fidicularia
2544 1263 2659 1327 146,

1702 1357 1734 1410 9
1772 1355 1831 1409 F.

1594 1444 1873 1515 copiosum
1917 1471 1973 1484 -
2015 1446 2074 1499 et
2103 1443 2504 1499 redundantem
2544 1442 2662 1506 156,

1702 1535 1735 1588 2
1773 1534 1830 1588 F.

1595 1622 1816 1679 fecundi
1852 1626 1911 1679 et
1946 1623 2200 1693 frugiferi
2244 1623 2358 1689 195,
2399 1624 2431 1676 8
2468 1623 2527 1677 F.

1595 1715 1815 1771 firmum
1851 1715 1909 1767 et
1944 1714 2131 1767 ratum
2168 1713 2253 1777 42,
2292 1713 2362 1767 23
2399 1712 2457 1766 F.

1596 1803 1818 1873 gravior
1852 1805 1910 1857 et
1944 1801 2179 1857 severior
2215 1802 2335 1869 153,
2378 1802 2443 1855 16
2479 1802 2537 1856 F.

1596 1892 1859 1963 gravibus
1896 1894 1953 1947 et
1989 1890 2145 1947 seriis
2184 1892 2268 1957 73,
2310 1892 2377 1946 24
2416 1891 2473 1945 F.

1595 1981 1839 2036 incertae
1875 1983 1933 2036 et
1970 1981 2169 2035 dubiae
2212 1983 2291 2046 15,
2332 1981 2507 2034 9--10
2545 1981 2603 2034 F.

1597 2070 1833 2125 incertas
1872 2073 1929 2125 et
1965 2087 2253 2140 suspensas
2297 2070 2377 2134 17,
2419 2072 2450 2122 5
2488 2069 2545 2123 Ε.

1597 2159 1840 2214 infantes
1867 2161 1925 2214 et
1952 2159 2201 2231 elingues
2236 2160 2348 2224 123,
2377 2160 2509 2213 12—
2521 2159 2582 2213 13
2606 2159 2663 2212 F.

1598 2248 1845 2303 intutam
1909 2251 1966 2303 et
2038 2248 2343 2318 expositam
2409 2247 2667 2317 periculis

1706 2337 2122 2408 neglegentiam
2160 2338 2280 2403 214,
2324 2337 2389 2390 14
2426 2337 2483 2390 F.

1599 2427 1850 2481 laborum
1888 2455 1954 2464 -*
1991 2425 2294 2496 parciorem
2338 2428 2396 2480 et
2441 2443 2666 2495 occupa-

1707 2515 1924 2572 tionum
1960 2546 2027 2554 ··-
2066 2516 2450 2572 modestiorem
2487 2517 2573 2580 50,

1707 2606 1920 2659 22—23
1955 2606 2013 2660 Ε.

1602 2693 2096 2764 locupletissimum
2141 2698 2199 2750 et
2234 2693 2667 2764 copiosissimum

1710 2784 1794 2848 46,
1834 2785 1974 2838 3-4
2010 2784 2068 2839 Ε.

1601 2871 1847 2927 minimis
1886 2876 1943 2928 et
1977 2873 2269 2929 levissimis
2311 2874 2428 2938 137,
2465 2873 2499 2927 4
2537 2874 2594 2927 F.

1600 2962 1730 3017 navi
1771 2991 1835 3001 —
1874 2965 1931 3018 et
1968 2963 2180 3019 strenui
2223 2964 2337 3029 183,
2384 2964 2444 3018 11
2484 2963 2541 3017 Ε.

1599 3052 1840 3121 primum
1878 3055 1935 3106 et
1970 3053 2328 3123 praecipuum
2364 3053 2449 3118 92,
2489 3055 2520 3107 7
2558 3054 2630 3107 Μ.

1600 3140 1905 3210 propitium
1941 3143 1999 3196 et
2033 3142 2317 3212 placatum
2354 3143 2439 3207 25,
2480 3143 2548 3196 22
2585 3142 2644 3195 F.

1600 3229 1824 3284 remisso
1861 3232 1918 3284 et
1954 3231 2134 3286 soluto
2170 3234 2232 3286 et
2265 3231 2437 3286 libero
2483 3231 2667 3287 animo

1709 3320 1793 3384 57,
1836 3318 1903 3373 14
1939 3319 2012 3373 Μ.

1598 3406 1926 3462 rixatorium
1954 3437 2005 3446 -
2033 3412 2090 3464 et
2117 3409 2421 3479 iurgiosum
2449 3410 2533 3475 74,
2556 3411 2589 3464 6
2609 3410 2665 3465 Ε.

1600 3496 1812 3551 salvom
1847 3499 1905 3551 et
1941 3497 2213 3553 inlaesum
2251 3500 2335 3564 79,
2377 3501 2443 3553 25
2483 3499 2539 3553 F.

1600 3602 1796 3639 sanum
1832 3588 1890 3640 et
1926 3588 2174 3641 validum
2211 3589 2296 3654 91,
2336 3590 2405 3643 23
2443 3590 2515 3643 M.

1599 3675 1914 3743 scrupulosa
1949 3678 2006 3730 et
2043 3677 2240 3731 ancxia
2266 3695 2397 3731 cura
2434 3677 2518 3743 64,
2548 3678 2581 3731 4
2609 3680 2666 3733 Ε.

1602 3761 1778 3817 solitis
1805 3765 1862 3817 et
1890 3764 2113 3818 usitatis
2130 3766 2309 3820 verbis
2337 3767 2423 3832 50,
2446 3769 2584 3821 4,-5
2609 3769 2665 3821 F.

1601 3852 1836 3907 sublime
1872 3855 1929 3907 et
1967 3854 2240 3908 excelsum
2285 3857 2398 3921 150,
2440 3860 2470 3911 3
2510 3858 2567 3910 F.
2622 3849 2628 3855 ’

1601 3941 1806 3996 subtile
1824 3944 1881 3996 et
1899 3944 2065 3996 tenue
2085 3945 2374 4012 suptemen
2394 3946 2513 4010 233,
2533 3946 2665 4001 lOF.

1601 4029 1917 4099 volgaribus
1962 4033 2021 4085 et
2064 4031 2286 4086 usitatis
2324 4032 2544 4101 (verbis)
2581 4036 2665 4099 64,

1600 4210 1825 4277 gratum
1861 4212 2255 4279 acceptumque
2291 4211 2411 4276 219,
2454 4212 2519 4265 14
2555 4212 2612 4267 Ε.

1599 4300 1720 4352 tam
1753 4296 2056 4352 iucundum
2109 4300 2336 4368 tamque
2389 4300 2667 4355 mellitum

1705 4387 1790 4453 27,
1829 4387 2004 4441 9-10
2041 4387 2114 4442 Μ.
