3140 5014
1538 338 1625 402 12

461 534 531 599 Id
581 556 731 598 sane
777 556 894 598 nos
939 535 1180 618 primus
1224 536 1288 599 et
1332 533 1499 599 solus
1556 533 1770 599 docuit
1813 531 2121 599 Catonem
2176 534 2488 617 scripsisse
2553 555 2696 597 ora-

459 643 703 707 tionem
748 642 1042 707 adversus
1096 641 1423 725 Lepidum,
1490 642 1570 708 cf.
1630 662 1691 725 p.
1751 643 1900 721 223,
1954 642 2214 708 12-—15
2262 641 2423 725 (Cat.
2472 664 2534 724 p.
2585 642 2695 719 61)

460 748 536 812 de
592 749 774 813 bonis
828 748 1157 825 Pulchrae,
1215 748 1295 814 cf.
1350 772 1410 832 p.
1459 749 1563 826 68,
1620 749 1698 812 12
1745 746 1911 830 (Cat.
1958 772 2021 831 p.
2073 747 2176 814 65.
2225 747 2424 830 Iord.)
2472 746 2696 810 deinde

460 856 515 920 ei
574 856 691 920 soli
755 855 1048 920 debemus
1101 854 1225 919 duo
1292 855 1672 940 fragmenta,
1740 876 2013 938 quorum
2069 855 2338 919 alterum
2389 854 2696 937 prolixius

460 964 715 1046 quidem
753 966 846 1027 est
873 962 956 1039 id,
1007 961 1176 1045 quod
1205 961 1391 1026 modo
1423 954 1819 1027 laudavimus
1871 985 1946 1027 ex
1986 963 2273 1027 oratione
2304 961 2399 1026 ‘de
2437 964 2695 1045 sumptu

458 1069 613 1146 suo',
683 1071 972 1145 alterum,
1040 1090 1168 1151 quo
1235 1066 1394 1133 Cato
1460 1069 1771 1151 optimam
1835 1069 2110 1132 militum
2165 1068 2236 1133 in
2299 1089 2367 1131 re
2434 1067 2694 1131 militari

460 1174 993 1239 instituendorum
1066 1175 1378 1239 rationem
1443 1175 1722 1260 exponit,
1800 1178 1891 1238 est
1962 1175 2238 1239 incertae
2317 1173 2495 1240 sedis.
2615 1174 2692 1240 cf.

461 1306 523 1365 p.
580 1282 722 1359 129,
771 1281 992 1345 9—-14
1039 1279 1201 1362 (Cat.
1251 1305 1314 1365 p.
1377 1281 1463 1347 35
1517 1281 1729 1358 Iord.).
1830 1280 2051 1346 Cetera
2106 1284 2320 1345 autem
2383 1301 2543 1364 quae
2618 1280 2692 1343 de

461 1388 698 1453 Catone
734 1387 1097 1466 traduntur,
1132 1388 1259 1452 iam
1300 1411 1376 1453 ex
1413 1388 1553 1452 aliis
1594 1388 2009 1472 scriptoribus
2044 1408 2439 1453 noveramus,
2779 1474 2780 1477 Ἴ

591 1493 781 1558 Haud
830 1494 1016 1559 dubie
1063 1517 1100 1558 a
1147 1517 1391 1560 summo
1438 1495 1838 1578 eloquentiae
1885 1493 2272 1560 Catonianae
2309 1494 2698 1558 admiratore

457 1608 521 1667 te
567 1604 711 1686 plus
759 1601 834 1665 de
881 1599 1118 1667 Catone
1165 1604 1633 1685 comperturum
1684 1623 1812 1666 esse
1858 1603 2327 1684 exspectaveris».
2749 1592 2766 1599 κ

594 1709 819 1792 Neque
855 1710 1062 1773 minus
1089 1709 1320 1773 mirum
1352 1709 1624 1787 videtur,
1675 1709 1847 1792 quod
1878 1709 2140 1786 Front0,
2190 1731 2376 1792 quem
2406 1709 2689 1775 omnium

459 1819 731 1882 maxime
778 1822 1109 1881 oratorum
1170 1816 1374 1881 verbis
1436 1817 1777 1880 studiosius
1832 1816 2223 1900 inquirendis
2279 1838 2539 1899 operam
2584 1815 2691 1880 de-

459 1926 618 1989 disse
664 1924 989 2007 praedicat
1035 1924 1167 2003 (62,
1223 1923 1528 2003 15—17),
1598 1945 1738 1987 eum
1807 1944 1939 1987 non
1994 1926 2126 1986 tam
2184 1944 2370 2005 saepe
2421 1920 2689 1985 vocabu-

462 2032 669 2095 lorum
719 2053 833 2095 usu
882 2030 1170 2094 imitatur
1216 2052 1408 2112 quam
1454 2028 1774 2095 Plautum.
1794 2029 1840 2110 ¹)
1932 2026 2226 2094 Profecto
2274 2028 2337 2092 id
2392 2028 2539 2092 inde
2584 2051 2690 2092 ex-

460 2142 670 2225 ortum
723 2144 835 2215 est,
885 2136 1054 2220 quod
1094 2137 1311 2201 rhetor
1346 2137 1686 2222 singularis
1724 2136 1894 2200 illius
1925 2136 2236 2200 scribendi
2268 2136 2525 2220 regulae
2565 2134 2694 2198 fuit

458 2240 721 2322 memor,
780 2266 972 2327 quam
1029 2243 1160 2327 ipse
1208 2243 1422 2309 Marco
1479 2244 1697 2322 tradit,
1754 2243 1990 2307 scilicet
2034 2244 2101 2307 in
2150 2242 2435 2306 oratione
2479 2242 2690 2306 soluta

460 2351 868 2417 aemulandos
918 2372 1045 2415 esse
1108 2354 1347 2434 poetas,
1415 2353 1635 2415 contra
1696 2351 1764 2414 in
1830 2351 1998 2434 poesi
2066 2350 2401 2432 scriptores
2466 2370 2689 2431 prosae

462 2458 782 2526 orationis.
905 2457 985 2526 cf.
1053 2480 1115 2541 p.
1186 2456 1290 2537 54,
1343 2460 1423 2524 21
1497 2457 1895 2540 ‘Plerumque
1961 2458 2128 2522 enim
2183 2456 2265 2521 ad
2330 2455 2690 2521 orationem

460 2566 814 2631 faciendam
879 2585 1110 2641 verSUS,
1186 2564 1265 2628 ad
1330 2565 1812 2630 versificandum
1878 2565 2081 2628 oratio
2143 2564 2344 2648 magis
2391 2561 2688 2628 adiuvat.'

459 2673 684 2756 Itaque
730 2671 980 2756 opinari
1015 2670 1163 2735 licet
1200 2693 1428 2749 versus,
1481 2694 1637 2755 quos
1676 2672 1963 2755 discipuli
2001 2693 2142 2735 eum
2176 2670 2481 2755 magistro
2520 2691 2689 2734 com-

459 2779 890 2855 municabant,
956 2777 1162 2842 verbis
1218 2781 1408 2861 atque
1467 2777 1846 2843 dictionibus
1902 2777 2269 2842 Catonianis
2325 2775 2689 2840 abundasse.

459 2887 537 2951 cf.
586 2910 648 2970 p.
699 2886 804 2964 34,
854 2884 1091 2951 4—11.
1167 2885 1271 2962 24,
1322 2884 1556 2951 5-15,
1625 2884 1730 2962 30,
1780 2885 1819 2949 6
1865 2906 1959 2968 sq.

596 2993 996 3057 Pertractato
1045 2990 1388 3055 Frontonis
1435 2991 1512 3054 de
1539 2990 1778 3055 Catone
1813 2991 2043 3055 iudicio
2072 2990 2195 3054 iam
2227 2990 2496 3075 singula,
2528 3010 2689 3071 quae

459 3124 535 3164 ex
582 3099 823 3164 Catone
871 3098 1166 3182 decerpta
1211 3120 1339 3163 esse
1385 3101 1497 3162 aut
1543 3121 1658 3181 pro
1705 3103 1877 3162 certo
1923 3099 2078 3182 poni
2122 3101 2331 3181 potest
2368 3101 2481 3160 aut
2525 3096 2688 3160 veri·
2809 3177 2814 3182 Ν

457 3207 660 3270 simile
709 3210 819 3284 est,
868 3205 1334 3289 conquiramus.
1432 3205 1645 3289 Atque
1703 3198 1909 3289 primo
1968 3205 2221 3288 quidem
2281 3205 2417 3269 loco
2473 3203 2688 3287 dispu-

458 3313 726 3378 tandum
773 3316 866 3377 est
913 3312 990 3378 de
1053 3311 1370 3396 particula
1438 3311 1690 3395 ‘atque’,
1767 3333 1959 3394 quam
2013 3309 2265 3375 Marcus
2320 3333 2396 3375 ex
2450 3308 2689 3374 Catone

460 3420 857 3504 desumptam
922 3441 1049 3483 esse
1114 3419 1341 3483 diserte
1405 3418 1556 3482 dicit
1619 3441 1681 3501 p.
1731 3419 1836 3495 36,
1890 3416 2168 3483 14—-15,
2281 3401 2483 3481 Ceteri
2546 3415 2686 3494 loci,

458 3526 685 3611 quibus
730 3526 981 3590 Marcus
1027 3525 1193 3590 hanc
1238 3525 1613 3606 particulam
1660 3523 1991 3608 usurpavit
2037 3524 2345 3601 consultO,
2393 3524 2542 3586 sunt
2588 3521 2683 3585 hi:

457 3657 518 3717 p.
566 3635 671 3712 31,
724 3635 802 3699 17
855 3632 1000 3716 (bis)
1048 3633 1154 3711 60,
1204 3631 1466 3697 24—25
1515 3631 1664 3713 (ter)
1713 3632 1818 3709 67,
1872 3631 2131 3695 13—14
2178 3628 2343 3712 (bis).

590 3741 682 3806 Ut
727 3740 979 3805 Marcus
1024 3739 1117 3803 ita
1172 3739 1361 3803 etiam
1407 3738 1649 3802 Fronto
1705 3737 1992 3821 pluribus
2047 3737 2199 3801 locis
2254 3736 2329 3800 de
2381 3735 2689 3800 industria

457 3850 769 3934 particula
818 3848 1048 3931 ‘atque'
1096 3846 1285 3912 verba
1321 3847 1489 3911 inter
1536 3868 1602 3909 se
1648 3845 1997 3924 coniunxit.
2077 3845 2157 3909 cf.
2190 3867 2252 3927 p.
2285 3845 2389 3922 63,
2429 3843 2686 3909 15—19

458 3955 740 4039 (septies)
788 3955 892 4033 64,
928 3956 1015 4020 20
1060 3953 1208 4037 (bis)
1255 3955 1359 4032 21,
1414 3956 1670 4019 16—17
1732 3953 1878 4037 (bis)
1948 3952 2094 4032 143,
2142 3953 2181 4017 8
2230 3950 2395 4034 (bis).
2489 3949 2684 4014 Locos

457 4134 840 4191 tantummodo
879 4152 943 4188 ex
980 4131 1213 4202 singulis
1251 4134 1350 4186 aut
1384 4131 1529 4186 binis
1565 4130 1747 4184 verbis
1784 4133 2054 4195 constant,
2101 4129 2269 4183 Ennii
2312 4126 2532 4183 nonnisi
2578 4127 2689 4182 tria

458 4225 764 4279 maiuscula
809 4224 1123 4292 fiagmenta
1168 4223 1382 4276 restant
1428 4238 1525 4290 per
1572 4221 1902 4274 Frontonem
1949 4220 2124 4273 solum
2179 4220 2412 4283 servata,
2469 4216 2688 4271 Laberii

456 4315 604 4379 bina,
644 4313 859 4378 Naevii,
900 4310 1142 4376 Caecilii,
1181 4310 1384 4376 Laevii,
1405 4310 1574 4365 Novii
1595 4310 1829 4379 singula.
1872 4309 1937 4363 cf.
1960 4326 2103 4376 quae
2122 4308 2363 4362 dicemus
2382 4325 2433 4376 p.
2456 4306 2524 4360 22
2544 4306 2686 4361 med.

607 4401 646 4473 ¹)
683 4403 749 4458 cf.
789 4419 931 4470 quae
967 4401 1218 4456 dicentur
1254 4418 1306 4469 p.
1349 4402 1415 4455 19
1452 4418 1530 4469 sq.
