3140 5014
1599 310 1640 378 2

493 528 649 587 mus,
697 506 851 573 satis
895 504 1232 575 habuimus
1260 509 1516 574 omnino
1544 512 1780 575 veteres
1808 510 2142 592 scriptores
2178 512 2247 573 ut
2278 506 2728 575 vocabulorum

503 619 791 680 auctores
838 615 1316 682 demonstrasse.

624 721 762 786 Iam
818 723 893 786 de
956 724 1159 787 altera
1221 706 1770 787 commentationis
1834 727 2090 788 nostrae
2139 730 2339 807 parte,
2406 746 2532 806 qua
2579 747 2726 808 pro-

489 829 703 892 baturi
766 851 979 892 sumus
1042 828 1432 893 Frontonem
1496 830 1693 893 etiam
1757 831 2130 895 recentiores
2192 831 2516 895 imitatum
2580 852 2724 910 esse,

490 958 694 1018 pauca
740 936 1016 1019 praefari
1063 937 1267 999 liceat.
1363 934 1526 1001 Sane
1558 936 1730 999 illud
1778 936 2033 1019 quidem
2072 938 2191 1002 viri
2223 938 2391 1002 docti
2419 938 2547 1001 iam
2579 944 2727 1003 ante

488 1065 605 1107 nos
651 1042 1252 1122 animadverterunt,
1310 1043 1702 1107 Frontonem
1756 1043 2231 1107 celeberrimum
2295 1045 2723 1127 antiquarium
2791 1032 2792 1041 ἵ

493 1187 570 1196 -
622 1149 791 1233 quod
838 1149 943 1213 vix
990 1150 1263 1233 opineris
1309 1185 1397 1195 —-
1442 1150 1652 1213 etiam·
1675 1171 1774 1216 sex
1831 1151 1917 1214 eis
1966 1171 2127 1233 quae
2173 1153 2318 1233 post
2364 1149 2724 1215 Ciceronem

488 1258 841 1341 elegantius
906 1256 1355 1321 excolebantur
1425 1257 1655 1320 litteris
1730 1255 2039 1320 nonnulla
2103 1257 2493 1339 decerpsisse.
2605 1256 2724 1321 Sed

489 1363 855 1449 diligentius
900 1363 1359 1446 perquirendae
1389 1364 1534 1427 huic
1573 1364 1663 1426 rei
1693 1385 1877 1427 nemo
1908 1363 2115 1431 adhuc
2142 1363 2407 1429 studuit.
2499 1363 2724 1447 Itaque

485 1472 615 1535 iam
659 1492 776 1535 nos
822 1470 904 1534 ad
949 1471 1233 1554 singulos
1269 1471 1607 1553 scriptores
1635 1469 1972 1534 eliciendos
2000 1470 2259 1553 aliquid,
2310 1470 2723 1553 quantulum-

488 1600 737 1661 cunque
782 1581 894 1655 cst,
943 1577 1229 1641 conferre
1277 1576 1605 1641 voluimus,

620 1686 834 1768 Atque
881 1684 1046 1747 hanc
1091 1683 1345 1766 quidem
1393 1683 1886 1766 disputationem
1934 1683 2081 1747 inde
2128 1682 2322 1746 ordiri
2352 1682 2535 1745 nobis
2582 1684 2722 1765 pla-

487 1791 637 1866 cuit,
685 1794 760 1853 ut
803 1791 1113 1874 singulari
1159 1789 1271 1853 illo
1322 1789 1666 1854 Frontonis
1713 1789 1789 1855 de
1821 1789 2124 1854 Cicerone
2168 1789 2401 1852 iudicio
2448 1788 2720 1871 prolat0,

486 1920 612 1982 quo
659 1897 964 1979 epistulae
1012 1895 1406 1960 orationibus
1456 1897 1657 1960 multo
1686 1896 2091 1979 perfectiores
2121 1895 2540 1972 declarantur,
2589 1897 2721 1979 pri-

484 2027 662 2069 mum
723 2026 797 2067 ea
861 2008 1281 2080 enotaremuS,
1348 2024 1510 2084 quae
1557 2002 1801 2067 Fronto
1866 2025 1941 2066 cx
1996 2001 2293 2066 Cicerone
2357 2001 2719 2085 desumpsit.

483 2110 730 2175 Deinde
776 2109 854 2174 ad
901 2111 1296 2193 Augusteam
1342 2111 1617 2173 aetatem
1664 2109 2076 2192 processimus
2122 2113 2184 2172 et
2228 2107 2572 2172 Horatium
2617 2108 2721 2171 Li-

484 2219 783 2301 viumque
848 2218 1240 2300 potissimum
1307 2239 1344 2279 a
1391 2216 1717 2280 Frontone
1777 2217 1969 2280 tacite
2033 2216 2376 2298 exscriptos
2440 2237 2568 2279 esse
2615 2216 2720 2279 de-

483 2325 988 2389 monstravimus,
1085 2322 1246 2386 Cum
1291 2329 1505 2388 autem
1549 2324 1618 2386 in
1665 2346 1739 2387 ea
1769 2322 2222 2400 dissertatione,
2273 2320 2348 2385 de
2380 2343 2506 2404 qua
2538 2344 2716 2405 prae-

483 2432 721 2512 famur,
796 2431 985 2495 etiam
1048 2431 1117 2493 in
1180 2433 1520 2516 argenteae
1586 2429 1812 2494 aetatis
1873 2429 2211 2513 scriptores
2272 2428 2720 2511 inquirendum

484 2543 660 2618 esset,
710 2539 984 2622 primum
1033 2537 1378 2602 Frontonis
1424 2537 1739 2601 sententia
1786 2536 1862 2600 de
1910 2537 2008 2600 his
2054 2536 2416 2600 auctoribus
2454 2560 2492 2600 a
2541 2537 2721 2600 nobis

484 2645 685 2710 relata
731 2649 842 2709 est.
954 2645 1117 2708 Tum
1162 2644 1429 2730 singulis
1473 2645 1870 2729 singulorum
1919 2643 2368 2708 vocabulorum
2435 2643 2721 2707 fontibus

483 2752 773 2817 eruendis
821 2755 1066 2815 nosmet
1111 2750 1413 2814 dedimus.

617 2858 737 2923 Sed
782 2859 847 2921 in
898 2858 1062 2921 hanc
1109 2880 1239 2921 rem
1285 2856 1793 2921 incumbentibus
1840 2857 2018 2920 nobis
2063 2878 2161 2920 res
2207 2858 2414 2921 minus
2462 2879 2537 2921 ex
2566 2861 2717 2922 voto

482 2966 682 3030 cessit.
772 2963 939 3027 Nam
985 2964 1193 3027 solum
1240 2964 1437 3029 ferme
1483 2963 1776 3027 Tacitum
1805 2968 1915 3027 -ut
1976 2969 2217 3028 certum
2282 2986 2508 3029 vocum
2571 2987 2719 3028 auc-

482 3077 685 3136 torem
735 3071 980 3153 aliquot
1024 3070 1175 3134 locis
1220 3071 1526 3154 expiscari
1572 3069 1770 3137 licuit.
1863 3070 2243 3153 Plerumque
2291 3092 2439 3135 vero
2488 3092 2584 3134 res
2629 3072 2719 3134 ita

481 3201 545 3243 se
591 3178 835 3255 habuit,
883 3181 955 3241 ut
1000 3177 1167 3240 idem
1214 3178 1474 3242 verbum
1522 3176 1862 3241 Frontonis
1909 3178 2076 3260 apud
2127 3177 2338 3259 plures
2383 3177 2718 3260 scriptores

481 3285 893 3349 inveniretur.
988 3283 1214 3366 Itaque
1260 3285 1387 3348 iam
1433 3284 1501 3347 in
1549 3306 1621 3348 eo
1649 3284 2169 3366 acquiescendum
2200 3288 2356 3358 erat,
2406 3289 2477 3347 ut
2504 3305 2716 3347 vocem

482 3393 741 3457 omnino
799 3413 873 3455 ex
939 3395 1276 3476 argenteae
1342 3391 1566 3455 aetatis
1633 3391 2086 3454 vocabulorum
2141 3390 2322 3473 copia
2383 3390 2718 3472 repetitam

484 3521 612 3564 esse
659 3499 1142 3563 affirmaremus.
1252 3496 1557 3563 Conclusa
1623 3501 1837 3561 autem
1901 3501 1995 3561 est
2058 3496 2212 3561 haec
2266 3496 2716 3560 commentatio

481 3606 726 3688 aliquot
790 3605 1121 3669 vocabulis
1179 3608 1242 3668 et
1305 3604 1747 3682 locutionibuS,
1796 3626 1959 3686 quae
2004 3604 2393 3669 Frontonem
2451 3609 2522 3666 ut
2568 3624 2715 3666 cau—

479 3713 743 3777 sidicum
810 3711 981 3776 haud
1044 3712 1387 3796 ignobilem
1456 3734 1531 3775 ex
1594 3712 2185 3776 iurisconsultorum
2247 3731 2532 3775 sermone
2608 3709 2714 3772 de-

480 3818 860 3902 prompsisse
905 3823 1000 3882 est
1045 3818 1587 3885 verisimillimum.

614 3925 779 3990 Sane
806 3947 938 3989 non
965 3927 1334 4010 ignoramus
1362 3947 1478 3989 nos
1517 3949 1647 3991 non
1676 3926 1889 3990 omnia
1920 3925 2236 4009 reperisse,
2284 3949 2447 4009 quae
2475 3926 2712 3990 Fronto

481 4037 546 4097 et
591 4054 667 4096 ex
714 4032 992 4114 antiquis
1029 4037 1093 4096 et
1129 4032 1579 4097 recentioribus
1618 4033 1843 4098 litteris
1881 4032 2121 4108 hausit3
2168 4033 2274 4096 sed
2305 4033 2469 4097 hanc
2497 4032 2714 4095 veniae

479 4138 914 4223 impetrandae
959 4160 1212 4203 causam
1258 4139 1392 4203 fore
1437 4160 1779 4222 speramuS,
1828 4139 1999 4221 quod
2031 4139 2159 4203 tale
2188 4136 2558 4221 opusculum
2586 4138 2708 4199 iam

480 4248 683 4312 multo
730 4246 932 4310 maius
975 4246 1280 4329 temporis
1324 4247 1602 4329 spatium
1648 4247 1982 4330 efflagitat,
2049 4268 2241 4329 quam
2303 4267 2428 4327 quo
2493 4245 2713 4307 huius-

480 4354 654 4418 modi
698 4354 1055 4438 studiorum
1100 4353 1420 4436 primitiae
1467 4354 1689 4418 confici
1733 4353 1958 4420 solent.
