3140 5014
1596 269 1637 334 6

489 465 720 542 Plauti,
770 463 982 541 Ennii,
1032 465 1428 547 aliorumque
1483 468 1813 529 auctorum
1872 469 2156 529 veterum
2201 467 2435 550 scripta
2483 469 2730 534 lectita-

494 572 726 636 bantur
771 575 835 636 et
879 571 1378 653 excerpebantur
1424 574 1488 635 et
1533 573 2000 635 commentariis
2044 573 2552 654 illustrabantur,
2603 599 2729 660 qua

489 681 556 741 in
603 701 671 742 re
716 700 845 743 non
895 678 1232 741 minimum
1298 677 1584 742 homines
1648 678 2113 742 adiuvabantur
2160 676 2472 746 Hadriani
2535 682 2730 765 ipsius

491 786 777 868 exemplo
824 787 1016 867 atque
1062 784 1457 848 auctoritate.
1552 783 1768 866 Atque
1805 785 2081 867 primum
2113 787 2324 850 locum
2369 789 2537 852 inter
2580 790 2732 872 istos

491 891 886 974 antiquarios
934 890 1213 954 obtinuit
1258 890 1518 956 Fronto.
1627 891 1886 955 Praeter
1950 892 2117 956 enim
2183 891 2497 958 Hadriani
2563 897 2730 960 anti-

492 997 755 1081 quitatis
784 997 1082 1079 ¹studium
1126 997 1438 1080 imprimis
1494 997 1628 1062 eius
1673 1019 1866 1080 opera
1912 998 2155 1062 factum
2202 1005 2312 1077 est,
2365 1005 2437 1063 ut
2483 1001 2730 1066 litterae

490 1108 622 1168 tam
672 1104 781 1167 diu
826 1105 1160 1187 antiquum
1207 1105 1480 1168 colorem
1525 1108 1869 1182 servarent,
1928 1105 2228 1188 quoniam
2276 1109 2481 1171 sectae
2526 1107 2731 1172 Fron-

491 1213 792 1274 tonianae
839 1209 1131 1293 princeps
1178 1209 1438 1288 exstitit,
1489 1233 1649 1294 quae
1698 1213 1950 1274 centum
1998 1233 2199 1293 paene
2231 1213 2413 1276 annis
2443 1215 2732 1298 magistri

493 1316 803 1381 scribendi
831 1324 1167 1399 praecepta
1196 1316 1659 1400 religiosissime
1689 1317 2082 1381 observabat.
2108 1317 2158 1401 1)
2233 1319 2567 1403 Tantaque
2598 1324 2734 1385 erat

497 1424 626 1486 eius
672 1423 876 1508 gloria
922 1423 1092 1506 apud
1138 1445 1288 1487 suae
1334 1426 1395 1487 et
1426 1424 1788 1506 posterioris
1828 1425 2054 1487 aetatis
2084 1424 2387 1504 homineS,
2436 1431 2511 1491 ut
2554 1428 2732 1511 prin-

496 1531 660 1613 cipio
707 1531 919 1612 quarti
965 1553 1026 1613 p.
1076 1529 1222 1594 Chr.
1272 1553 1334 1596 n.
1399 1530 1631 1594 saeculi
1697 1530 1777 1593 ab
1834 1529 2141 1595 Eumenio
2191 1532 2538 1598 ‘Romanae
2604 1535 2734 1598 elo-

498 1638 796 1721 quentiae
868 1659 996 1701 non
1059 1637 1430 1715 secundum,
1497 1637 1605 1701 sed
1673 1638 1947 1701 alterum
2012 1637 2214 1702 decus'
2284 1642 2732 1724 appellaretur.

499 1742 595 1812 Of.
642 1745 829 1810 Eum.
879 1766 1026 1826 pan.
1078 1741 1290 1808 Const.
1342 1766 1392 1808 c.
1443 1744 1544 1822 14,
1596 1746 1657 1807 2.

632 1851 768 1914 lam
813 1851 1146 1933 paululum
1194 1850 1295 1913 hic
1342 1849 1586 1934 digredi
1633 1850 1821 1914 liceat
1865 1873 1903 1913 a
1933 1872 1999 1914 rc
2027 1853 2371 1933 propOSita,
2421 1857 2494 1917 ut
2528 1855 2736 1936 inqui-

499 1979 729 2035 ramus,
778 1979 935 2020 num
980 1959 1219 2020 rectum
1269 1956 1568 2020 iudicium
1607 1956 1951 2020 Eumenius
1999 1957 2075 2021 de
2123 1958 2449 2024 Frontone
2496 1961 2735 2026 fecerit.

500 2064 640 2127 Hoc
686 2063 852 2127 enim
903 2062 1196 2126 Eumenii
1258 2063 1700 2127 testimonium
1763 2066 2023 2128 summis
2070 2066 2361 2131 laudibus
2409 2068 2739 2131 abundans

500 2171 898 2255 potissimum
944 2170 1013 2232 in
1060 2191 1246 2233 causa
1274 2169 1417 2249 fuit,
1467 2169 1637 2252 quod
1671 2171 1975 2246 homineS,
2025 2179 2362 2255 postquam
2393 2173 2741 2238 Frontonis

502 2278 738 2359 scripta
784 2276 1110 2359 deperdita
1156 2277 1500 2361 aegerrime
1548 2279 1858 2356 tulerunt,
1924 2301 2171 2343 summo
2234 2281 2467 2365 gaudio
2532 2283 2741 2346 affecti
2839 2337 2845 2345 ,,

504 2390 672 2462 sunt,
739 2405 880 2447 cum
928 2386 1076 2446 ante
1124 2383 1236 2447 hos
1286 2383 1418 2448 fere
1481 2385 1811 2468 sexaginta
1875 2407 2075 2448 annos
2143 2385 2222 2448 ab
2272 2387 2522 2470 Angelo
2571 2386 2742 2449 Maio

506 2515 582 2556 ex
627 2493 726 2555 tot
769 2491 1158 2555 saeculorum
1208 2488 1523 2555 oblivione
1570 2490 1815 2555 Fronto
1862 2491 1928 2554 in
1975 2493 2181 2557 lucem
2219 2493 2516 2575 'prolatus
2563 2497 2741 2560 esset.

507 2599 924 2681 Quamquam,
990 2602 1064 2662 ut
1127 2597 1213 2661 M.
1281 2597 1507 2662 Hertz:
1578 2598 1857 2663 Reuaiss,
1924 2622 1985 2681 p.
2050 2601 2132 2664 27
2204 2601 2443 2682 optime
2507 2604 2742 2678 monet,

506 2706 923 2788 suspicionem
971 2727 1223 2768 movere
1271 2705 1504 2783 debuit,
1554 2705 1722 2787 quod
1754 2704 1995 2769 Fronto
2035 2729 2073 2769 a
2103 2706 2318 2770 Marco
2366 2708 2746 2771 laudabatur

509 2816 771 2896 propter
817 2812 947 2875 veri
993 2833 1272 2875 amorem
1321 2810 1426 2893 (cf.
1476 2810 1563 2878 Μ.
1614 2812 1831 2875 Aurel.
1881 2807 2087 2897 ὑπομν.
2140 2812 2221 2884 εἰς
2268 2811 2471 2878 ἑαυτόν
2534 2814 2583 2877 l.
2637 2814 2746 2896 11)

509 2942 641 2984 non
688 2917 1072 2982 laudabatur
1114 2920 1376 3000 propter
1421 2918 1876 3001 eloquentiam3
1938 2919 2132 2981 immo
2198 2922 2450 2983 tantum
2506 2922 2745 2998 aberat,

512 3030 586 3090 ut
631 3025 879 3090 Marcus
926 3024 1266 3108 grandiore
1329 3026 1536 3088 aetate
1585 3023 1932 3087 Frontonis
1999 3025 2364 3089 facundiam
2429 3028 2745 3110 probaret,

512 3137 586 3197 ut
632 3133 761 3196 deis
806 3132 1044 3217 gratias
1090 3135 1326 3216 ageret,
1374 3132 1544 3214 quod
1592 3154 1629 3195 a
1676 3131 1936 3196 Rustico
1982 3132 2062 3195 ad
2117 3132 2561 3216 philosophiae
2614 3137 2748 3197 stu-

514 3241 618 3303 dia
664 3239 966 3303 deductus
1012 3261 1140 3303 non
1195 3241 1464 3303 maiores
1518 3239 1587 3302 in
1654 3239 2020 3321 eloquentia
2078 3260 2447 3324 progressus
2507 3240 2751 3304 fecisset

513 3347 780 3430 ideoque
844 3369 881 3409 a
943 3346 1294 3429 potioribus
1350 3344 1533 3409 rebus
1594 3345 1884 3428 gerendis
1928 3346 2287 3438 retardatus
2333 3367 2463 3408 non
2512 3346 2746 3410 fuisset.

517 3454 624 3537 (cf.
674 3453 760 3518 M.
811 3454 1025 3517 Aurel.
1075 3454 1116 3515 1.
1167 3475 1217 3518 e.
1266 3451 1314 3517 Ι.
1363 3454 1399 3516 7
1449 3455 1512 3515 et
1557 3452 1605 3516 I.
1659 3451 1783 3534 17.)

668 3629 706 3698 ¹)
743 3632 944 3683 Fronto
999 3630 1115 3698 ipse
1170 3632 1375 3683 sectam
1430 3647 1586 3683 suam
1641 3630 1911 3682 memorat
1963 3647 2014 3696 p.
2072 3628 2156 3693 95,
2197 3628 2265 3681 23
2320 3647 2397 3697 sq.
2456 3630 2522 3683 cf.
2581 3631 2753 3684 etiam

518 3741 570 3791 p.
617 3722 732 3785 120,
777 3720 841 3773 14
879 3737 956 3786 sq.
1032 3718 1120 3771 Ad
1156 3721 1450 3772 sectatores
1487 3718 1793 3783 Frontonis
1850 3736 2082 3786 quorum
2135 3718 2578 3788 religiosissimus
2633 3723 2752 3773 erat

519 3810 744 3875 Gellius,
803 3808 1019 3877 plenius
1074 3808 1469 3876 cognoscendos
1515 3808 1817 3877 plurimum
1854 3807 2212 3862 emolumenti
2247 3810 2513 3877 praebent
2550 3807 2749 3875 epistu-

519 3900 699 3953 larum
736 3898 808 3951 ad
844 3897 1046 3951 amicos
1082 3897 1227 3962 libri,
1268 3896 1411 3951 unde
1449 3897 1743 3966 discipulos
1779 3896 1894 3950 iam
1922 3896 2345 3966 diligentissime
2372 3897 2516 3951 eruit
2543 3893 2749 3948 Teuffe-

519 3988 653 4041 lius:
691 3988 846 4041 Rom.
885 3986 991 4040 Lit.
1033 3979 1224 4040 Gesch.
1251 3985 1272 4015 ⁴
1312 3987 1342 4053 ξ
1383 3987 1500 4040 364.
1542 3987 1590 4039 3.
1684 3987 1908 4040 Praeter
1963 3989 2151 4041 autem
2187 4004 2292 4050 eOS,
2350 3986 2446 4053 qui
2499 3983 2577 4037 ibi
2624 3982 2751 4036 affe—

519 4080 735 4140 runtur,
783 4075 1071 4129 Frontonis
1108 4074 1364 4144 discipuli
1400 4075 1625 4129 fuerunt
1661 4074 1746 4128 hi:
1804 4074 1983 4129 Sardii
2020 4075 2303 4129 Saturnini
2348 4072 2465 4136 filii,
2521 4088 2754 4139 quorum

523 4165 687 4220 alteri
743 4166 862 4218 erat
913 4182 1112 4218 nomen
1166 4163 1444 4218 Sardius
1482 4165 1704 4234 Lupus
1760 4164 1846 4231 (cf.
1894 4183 1945 4232 p.
1989 4165 2106 4228 180,
2151 4165 2213 4216 19
2250 4180 2328 4229 sq.
2390 4162 2505 4225 187,
2550 4162 2612 4212 15
2651 4159 2753 4227 sq.)

524 4253 854 4308 Aemilius
891 4253 1043 4307 Pius
1082 4252 1222 4319 (179,
1266 4254 1332 4307 18
1369 4251 1470 4322 sq.)
1525 4253 2017 4307 Faustinianus
2056 4252 2194 4318 (177,
2239 4251 2301 4303 10
2339 4248 2440 4316 sq.)
2480 4249 2753 4304 Sextius

525 4343 932 4416 Calpurnius
968 4343 1282 4399 Julianus
1321 4342 1463 4410 (170,
1501 4343 1574 4410 4).
