3140 5014
1480 293 1569 358 45

406 497 480 555 ut
524 493 725 576 legas:
777 493 869 554 ‘tu
916 489 1172 574 quidem
1211 512 1330 569 me,
1380 491 1788 575 magister,
1838 492 2084 576 magis
2132 490 2388 555 amabis'
2428 513 2480 555 e.
2513 512 2573 573 q.
2604 512 2652 553 8.

405 599 578 675 Quae
623 598 984 662 coniectura
1030 596 1421 680 probabilior
1466 598 1541 662 fit
1583 619 1657 662 ea
1690 620 1775 676 re,
1819 597 1988 680 quod
2020 597 2262 662 Fronto
2292 585 2653 680 saepissime

404 705 692 789 magistri
739 704 997 769 nomine
1044 703 1309 769 honesto
1356 727 1394 767 a
1440 703 1656 768 Marco
1704 704 2084 788 appellatur.
2159 703 2384 787 Neque
2430 704 2653 788 singu-

405 813 554 876 laris
619 816 715 876 est
775 812 945 877 solus
1011 812 1336 876 vocativus
1410 812 1751 897 ‘magister'
1830 812 2207 895 pronomine
2276 812 2427 889 ‘mi',
2486 810 2654 894 quod

403 920 624 984 ceteris
671 920 824 984 10018
869 919 1259 1004 adiungitur,
1309 941 1439 983 non
1486 918 1734 994 addit03
1784 920 1875 982 ita
1918 920 2087 983 enim
2115 919 2351 1004 legitur
2379 942 2441 1002 p.
2477 920 2580 995 91,
2612 919 2653 983 2

406 1030 618 1110 ‘quom
664 1027 821 1091 haec
866 1027 1100 1092 scribas
1145 1024 1322 1104 mihi,
1372 1025 1701 1111 magister,
1759 1026 1945 1090 credo
2004 1027 2341 1110 intellegis'
2391 1049 2443 1092 0.
2493 1048 2552 1108 q.
2602 1047 2649 1087 S.

538 1132 618 1198 Ad
667 1133 739 1198 Μ.
789 1132 966 1199 Caes,
1016 1132 1056 1197 Ι.
1105 1131 1168 1197 8.
1215 1149 1268 1213 ρ.
1316 1131 1436 1213 22,
1483 1130 1575 1197 20
1622 1149 1715 1214 sq.
1772 1138 2093 1198 corrector
2147 1134 2304 1198 haec
2357 1133 2422 1195 111
2484 1155 2654 1195 mar-

403 1243 618 1328 ginem
682 1242 1036 1326 descripsit:
1087 1241 1332 1306 .‘Vobis
1397 1247 1726 1325 praeterea
1791 1264 2077 1326 purpura
2142 1246 2471 1306 utuntur
2540 1264 2651 1305 ne-

402 1350 742 1414 cessarium
788 1352 900 1427 est,
950 1348 1167 1413 eodem
1214 1350 1390 1412 cultu
1446 1371 1931 1432 nonnumquam
1989 1349 2193 1415 oratio
2250 1371 2503 1432 quoque
2559 1352 2653 1412 est

401 1456 792 1522 amicienda'.
885 1456 966 1521 cf.
1016 1455 1525 1521 Studemundum
1587 1458 1627 1522 l.
1684 1478 1735 1520 c.
1797 1480 1858 1540 p.
1909 1456 2145 1521 XXIII.
2241 1457 2414 1533 Quae
2461 1457 2651 1521 verba

401 1565 783 1628 sententiam
843 1586 970 1628 non
1029 1563 1357 1646 praebent,
1414 1547 1521 1628 sed
1588 1562 1743 1628 duce
1807 1567 2008 1643 textu,
2075 1565 2243 1629 unde
2305 1565 2646 1643 fluxerunt,

402 1676 671 1755 possunt
722 1670 954 1735 sanari.
1060 1668 1260 1753 Saepe
1324 1670 1494 1734 0111111
1557 1674 1874 1736 corrector
1941 1693 2072 1735 rem
2136 1672 2228 1735 ita
2290 1673 2510 1757 gessit,
2578 1676 2652 1735 ut

402 1778 632 1842 eisdem
680 1778 899 1856 verbis,
948 1777 1175 1860 quibus
1220 1777 1288 1841 in
1333 1780 1515 1843 textu
1561 1780 1834 1856 exstant,
1883 1779 2228 1844 sententias
2263 1779 2329 1842 in
2361 1779 2649 1864 margine

402 1887 732 1968 repeteret.
836 1885 1148 1961 Quoniam
1212 1884 1276 1947 id
1334 1885 1773 1966 enunciatum,
1839 1886 1941 1950 cui
2005 1885 2240 1951 mederi
2302 1886 2644 1964 studemuS,

401 1992 691 2056 omnibus
740 1991 942 2057 verbis
990 1994 1253 2076 excepto
1303 2014 1431 2056 uno
1479 2014 1625 2056 cum
1656 1996 1835 2058 textu
1870 1995 2204 2074 consentit,
2238 1993 2396 2057 illud
2433 1997 2646 2057 ‘utun-

398 2099 546 2177 tur',
594 2099 779 2187 quod,
810 2098 1127 2163 diversum
1173 2102 1286 2177 est,
1336 2099 1529 2164 immo
1577 2099 1748 2182 quod
1796 2122 1928 2165 non
1973 2101 2183 2180 habet,
2234 2123 2361 2184 quo
2410 2100 2646 2166 refera-

399 2210 525 2286 tur,
572 2209 933 2289 suspectum
980 2205 1361 2278 essedebet.
1454 2205 1683 2288 Itaque
1732 2207 1961 2290 opinor
2006 2208 2074 2272 in
2124 2207 2487 2272 ‘utuntur’
2538 2206 2645 2272 de-

320 2400 337 2405 *
398 2316 731 2397 pravatam
778 2334 907 2377 esse
952 2312 1320 2378 lectionem:
1374 2315 1680 2395 ‘purpura
1735 2314 1851 2378 1111
1907 2314 2174 2397 quibus
2230 2316 2646 2379 necessarium

320 2454 335 2467 ·
399 2420 533 2485 est'.
630 2420 804 2496 Quae
861 2420 1069 2485 denuo
1128 2419 1207 2484 ad
1275 2423 1520 2484 textum
1586 2419 1751 2484 redit
1816 2419 1953 2504 (ubi
2008 2421 2272 2506 legitur:
2343 2420 2644 2503 ‘quibus

400 2550 688 2612 purpura
733 2564 821 2575 —
868 2529 987 2593 uti
1032 2527 1448 2593 necessarium
1499 2527 1639 2611 est')
1696 2533 1761 2593 01
1806 2551 2194 2613 quamquam
2258 2529 2465 2613 primo
2531 2530 2644 2593 ob-

397 2638 544 2699 tutu
591 2657 629 2699 a
675 2636 1035 2718 corruptela
1083 2636 1338 2720 longius
1385 2634 1635 2700 videtur
1666 2636 1894 2714 abesse,
1928 2641 2161 2714 tamen,
2195 2636 2247 2699 si
2275 2635 2643 2721 diligentius

398 2742 870 2821 examinaveriS,
919 2744 1208 2827 proxime
1254 2742 1535 2820 accedet3
1582 2743 1881 2808 suffixum
1931 2744 2098 2808 enim
2148 2743 2299 2807 ‘bus'
2361 2743 2424 2806 in
2473 2765 2641 2807 mar-

395 2851 563 2936 ginis
607 2852 923 2935 scriptura
976 2873 1108 2916 non
1165 2873 1279 2934 per
1338 2851 1782 2934 compendium
1836 2851 2233 2936 significatur
2285 2850 2641 2933 ibidemque

397 2961 647 3024 litterae
691 2980 720 3022 8
768 2962 832 3024 01
877 2981 909 3022 r
955 2949 1213 3023 nonnisi
1258 2960 1603 3042 paululum
1649 2960 1816 3023 inter
1860 2981 1925 3023 se
1971 2958 2291 3025 differunt.
2385 2959 2465 3024 cf.
2511 2957 2640 3021 Mai

395 3066 648 3149 specim.
698 3065 928 3130 codicis
974 3066 1103 3129 tab.
1152 3064 1267 3130 IV.

533 3172 954 3237 Concinnitas
1002 3172 1307 3237 orationis
1354 3173 1536 3237 valde
1582 3174 1840 3239 turbata
1889 3177 1981 3238 est
2027 3173 2102 3237 ad
2151 3173 2223 3237 Μ.
2260 3171 2435 3237 CaeS.
2473 3171 2546 3236 ΙΙ.
2579 3173 2639 3239 5.

396 3297 451 3361 ρ.
500 3279 608 3360 30,
664 3280 688 3344 1
748 3294 839 3360 sq.
899 3279 1008 3343 ubi
1055 3277 1307 3344 Marcus
1362 3278 1771 3344 Polemonem
1829 3269 1973 3345 cum
2036 3279 2315 3366 agricola
2378 3283 2637 3344 strenuo

395 3389 741 3471 comparat,
791 3386 901 3470 qui
948 3408 1086 3451 eam
1135 3388 1391 3450 tantum
1435 3393 1777 3453 sementem
1824 3388 2062 3465 fecerit,
2112 3409 2273 3470 quae
2318 3388 2397 3450 ad
2454 3409 2638 3451 usum

394 3497 709 3576 spectaret
764 3493 1161 3578 reditumque
1214 3495 1605 3558 uberrimum
1668 3495 2022 3579 praeberet,
2089 3495 2199 3579 qui
2268 3517 2410 3559 vero
2475 3494 2637 3557 nihil

394 3601 460 3663 in
508 3621 664 3684 agro
710 3621 824 3663 suo
870 3602 1118 3679 severit,
1166 3601 1335 3665 unde
1380 3601 1548 3665 vitae
1594 3601 1955 3685 voluptates
1995 3607 2187 3690 atque
2220 3602 2637 3666 amoenitates

394 3706 888 3789 perciperentur.
969 3707 1174 3781 Quam
1220 3708 1564 3792 imaginem
1611 3709 1986 3774 concludens
2017 3709 2270 3774 Marcus
2313 3710 2406 3773 ita
2454 3708 2631 3771 dicit:

396 3811 648 3876 ‘Omnia
680 3812 758 3875 ad
796 3835 978 3877 usum
1009 3814 1212 3899 magis
1262 3837 1453 3898 quam
1493 3814 1573 3877 ad
1610 3816 2027 3898 voluptatem,
2078 3837 2363 3899 quaeque
2400 3815 2634 3898 magis

392 3920 652 3984 laudare
730 3925 1055 4003 oporteat,
1133 3943 1346 3985 amare
1409 3944 1539 3985 non
1606 3921 1841 3986 libeat'.
1955 3922 2079 3985 Vix
2154 3922 2400 4001 dubito,
2477 3922 2632 4003 quin

392 4027 652 4091 alumno
719 4025 1092 4107 FrontoniS,
1173 4029 1283 4111 qui
1347 4029 1805 4093 sententiarum
1869 4028 2293 4111 parallelismo
2365 4029 2632 4093 nimium

391 4134 725 4213 studuerit,
775 4135 1050 4198 alterum
1110 4134 1370 4218 ‘magis',
1439 4157 1566 4218 quo
1625 4135 2020 4199 concinnitas
2082 4136 2380 4200 contrarii
2445 4158 2632 4221 aegre

392 4242 804 4306 confunditur
851 4240 1147 4326 quodque
1209 4245 1384 4307 caret
1443 4242 1661 4322 verbO,
1728 4242 1807 4306 ad
1873 4243 2041 4325 quod
2105 4245 2449 4327 pertineat,
2516 4245 2630 4308 ab·

391 4349 749 4433 rogandum
794 4351 876 4414 sit
920 4354 985 4413 et
1030 4350 1396 4436 legendum:
1449 4354 1755 4435 ‘quaeque
1783 4351 2043 4416 laudare
2072 4357 2381 4437 oporteat,
2419 4376 2630 4417 amare
