3140 5014
1475 328 1561 399 29

393 530 474 597 of.
523 552 586 617 p.
636 528 741 610 52,
792 504 841 597 2'
881 524 965 597 M.
1013 523 1609 613 (c10.adAa.xv.
1646 533 1679 597 1
1714 532 1774 595 b.
1809 529 1876 613 2)
1925 536 1989 596 θῇ
2034 554 2096 616 p.
2137 530 2283 611 107,
2335 532 2510 597 2-4
2550 527 2637 597 Μ.

395 620 730 704 ‘Ciceronis
761 639 1080 721 epistulae,
1128 638 1179 701 si
1209 638 1376 702 forte
1406 639 1654 717 electaS,
1704 643 1871 704 totas
1907 638 2005 703 vel
2034 638 2394 703 dimidiatas
2423 639 2635 718 habeS,

390 747 714 829 inpertiaS,
787 745 885 809 vel
931 767 1117 810 mone
1164 766 1321 828 quas
1375 745 1770 829 potissimum
1838 745 2135 830 legendas
2183 746 2339 809 mihi
2387 767 2639 810 censeas

391 853 469 916 ad
518 852 891 916 facultatem
949 852 1254 916 sermonis
1318 851 1698 916 fovendam'.
1811 852 2059 916 Diserte
2123 853 2323 937 igitur
2386 852 2638 917 Marcus

391 962 595 1044 rogat,
664 964 738 1023 ut
783 960 1085 1044 magister
1132 981 1234 1022 eas
1280 960 1681 1042 potissimum
1738 959 2040 1042 epistulas
2087 960 2302 1043 eligat,
2352 981 2509 1043 quas
2557 960 2637 1024 ad

389 1088 742 1130 sermonem
790 1066 1202 1131 excolendum
1249 1066 1607 1149 aptissimas
1654 1066 1988 1131 existimet.
2102 1065 2265 1131 Sane
2333 1067 2413 1131 ad
2472 1067 2639 1132 hanc

391 1196 526 1238 rem
586 1174 1035 1257 perficiendam
1099 1172 1412 1238 Frontoni
1476 1174 1734 1256 quidem
1798 1196 2041 1239 necesse
2109 1177 2262 1251 erat,
2332 1175 2638 1258 epistulae

390 1280 653 1345 idoneae
700 1281 1085 1359 viderentur,
1153 1302 1424 1365 quarum
1488 1302 1694 1345 sermo
1761 1281 2171 1364 quotidianus
2235 1282 2313 1345 ad
2381 1281 2638 1346 Catonis

396 1387 683 1472 linguam
744 1388 1007 1471 propius
1073 1388 1364 1457 accedere
1413 1387 1610 1452 videri
1674 1391 1950 1472 poterat,
2018 1411 2210 1471 quam
2275 1387 2638 1454 elaboratae

392 1494 540 1558 illae
586 1499 777 1578 atque
823 1495 1180 1579 perpolitae
1225 1496 1567 1560 orationes,

522 1621 830 1700 Attamen
879 1643 1023 1686 cum
1067 1624 1409 1704 tantopore
1439 1620 1684 1685 Fronto
1715 1618 2031 1684 Ciceronis
2061 1620 2363 1704 epistulas
2410 1621 2638 1704 probet

390 1730 454 1792 et
498 1727 912 1811 amplexetur,
962 1728 1076 1792 has
1121 1728 1338 1792 laudes
1384 1727 1556 1792 haud
1604 1728 1695 1790 ita
1742 1728 1959 1811 magni
2006 1727 2371 1810 pendemus,
2468 1725 2637 1791 Nam

390 1834 668 1916 primum
730 1835 1157 1917 compluribus
1204 1835 1356 1899 locis
1403 1857 1524 1899 vox
1591 1835 1935 1899 ‘tullianus'
2002 1836 2091 1899 ita
2149 1838 2512 1918 usurpatur,
2562 1838 2637 1898 ut

391 1962 516 2004 non
565 1942 700 2005 sine
746 1942 961 2025 aliqua
1008 1943 1286 2007 auctoris
1332 1943 1805 2025 contemptione
1859 1942 1924 2005 id
1981 1943 2118 2006 fieri
2164 1942 2473 2006 videatur.
2552 1941 2633 2006 cf.

388 2070 449 2132 p.
501 2049 605 2126 23,
655 2050 876 2114 8—10
920 2048 991 2113 F.
1063 2047 1252 2113 ‘Nam
1298 2051 1606 2132 epistulae
1660 2053 1826 2128 tuae,
1896 2072 2053 2133 quas
2117 2049 2375 2116 adsidue
2440 2050 2635 2114 scrib-

387 2156 541 2233 sisti,
608 2157 766 2220 mihi
810 2157 962 2220 satis
1009 2157 1370 2235 ostendunt,
1438 2157 1592 2239 quid
1638 2159 1832 2221 etiam
1876 2158 1943 2220 in
1999 2158 2135 2221 istis
2181 2157 2636 2221 remissioribus

389 2265 455 2327 et
500 2264 783 2328 tullianis
830 2263 1036 2328 facere
1082 2261 1320 2347 possis'.
1389 2265 1469 2328 cf.
1510 2267 1868 2346 praeterea:
1919 2286 1982 2347 p.
2016 2264 2120 2340 25,
2157 2265 2236 2329 13
2287 2264 2370 2339 F;
2419 2286 2482 2347 p.
2530 2265 2633 2341 76,

390 2370 430 2434 8
477 2369 565 2434 M.
616 2369 866 2454 (Nab.);
917 2394 978 2454 p.
1030 2371 1117 2437 50
1162 2371 1308 2435 adn.
1358 2372 1402 2434 4
1447 2393 1495 2435 s.
1545 2372 1592 2434 f.
1643 2370 1790 2436 edit.
1840 2368 2019 2436 Nieb.

523 2494 768 2561 Deinde
815 2497 1008 2561 etiam
1058 2494 1164 2560 ubi
1193 2495 1508 2561 Ciceronis
1538 2496 1968 2580 eloquentiam
1997 2494 2354 2579 approbare
2385 2494 2635 2559 videtur

390 2626 658 2687 eumque
704 2627 843 2668 cum
895 2604 1132 2669 Catone
1197 2611 1261 2668 et
1325 2604 1611 2669 Graccho
1676 2607 1740 2669 et
1804 2602 2105 2669 Sallustio
2169 2603 2516 2687 componit,
2581 2603 2635 2665 si

389 2709 557 2775 locos
621 2711 986 2796 diligentius
1052 2711 1525 2790 examinaveris,
1595 2733 1734 2774 eam
1799 2711 2052 2792 laudem
2116 2732 2244 2774 non
2312 2732 2389 2774 ex
2436 2708 2633 2774 animi

386 2818 701 2882 sententia
745 2818 1057 2883 tributam
1112 2840 1241 2884 esse
1305 2817 1748 2901 deprehendes
1860 2818 2103 2882 Fronto
2168 2817 2338 2882 enim
2401 2816 2632 2881 idcirco

388 2928 639 2989 tantum
685 2924 1050 2990 Ciceronem
1096 2949 1222 2990 una
1278 2948 1421 2990 cum
1484 2926 1704 3010 priscis
1768 2926 2134 2990 auctoribus
2198 2924 2493 3003 celebrat,
2561 2928 2634 2987 ut

388 3032 519 3095 eius
565 3033 945 3097 auctoritate
990 3032 1278 3097 Marcum
1327 3033 1406 3096 ad
1453 3034 1852 3116 eloquentiae
1896 3032 2180 3098 studium
2227 3031 2490 3097 reducat
2533 3030 2631 3094 id-

389 3160 511 3222 que
567 3142 826 3205 omnino
891 3145 1103 3205 tutum
1170 3164 1207 3205 a
1270 3140 1796 3224 philosophorum
1860 3140 2268 3224 despicientia
2333 3141 2629 3223 praestet.

388 3245 469 3309 cf.
521 3269 581 3329 p.
636 3248 779 3326 145,
830 3249 1043 3312 9-11
1096 3247 1177 3324 F3
1233 3249 1376 3326 149,
1428 3249 1508 3312 21
1560 3247 1632 3311 F.

520 3370 720 3437 Paulo
767 3374 976 3437 minus
1021 3395 1353 3457 perperam
1401 3395 1593 3456 quam
1641 3373 1882 3437 Fronto
1920 3372 2172 3437 Marcus
2220 3372 2296 3435 de
2335 3370 2633 3436 Cicerone

387 3477 640 3546 iudicat.
752 3479 1071 3543 Nimirum
1135 3480 1269 3563 ipse
1317 3502 1566 3564 quoque
1614 3457 1920 3545 Catonem
1970 3485 2290 3544 oratorem
2337 3478 2634 3543 Cicerone

388 3588 914 3668 praestantiorem
963 3586 1172 3665 habet,
1223 3590 1505 3651 attamen
1553 3587 1635 3650 ab
1683 3610 1755 3652 eo
1801 3587 2016 3651 Cicero
2061 3588 2280 3650 statim
2327 3591 2472 3668 post
2514 3584 2633 3648 Ca-

390 3697 605 3755 tonem
654 3692 907 3756 ducitur
953 3694 1452 3771 facundissimuS,
1502 3716 1647 3758 cum
1694 3717 1730 3758 a
1770 3693 2100 3759 Frontone
2145 3693 2435 3758 omnibus
2482 3692 2633 3754 locis

389 3801 654 3880 quartus
727 3798 981 3864 demum
1045 3806 1189 3884 post
1234 3800 1558 3879 Catonern,
1628 3800 2005 3879 Gracchum,
2065 3800 2433 3865 Sallustium
2511 3821 2632 3861 nu-

388 3908 686 3969 meretur.
711 3905 761 3987 ¹)

534 4136 574 4205 1)
613 4137 679 4192 cf.
720 4156 772 4206 p.
819 4138 934 4202 105,
971 4139 995 4190 l
1035 4137 1107 4191 M.
1148 4154 1257 4205 quo
1295 4153 1363 4191 ex
1399 4137 1516 4192 loco
1554 4137 1829 4192 evincitur
1864 4137 2112 4194 Marcum
2150 4139 2209 4191 in
2247 4136 2630 4193 enumerandis

386 4227 740 4302 scriptoribus
778 4226 1041 4295 temporis
1098 4226 1371 4280 rationem
1417 4245 1527 4281 non
1584 4227 1854 4292 habuisse,
1912 4229 2216 4282 Grracchum
2272 4229 2420 4283 enim
2474 4227 2631 4297 ponit

385 4315 502 4369 loco
538 4320 830 4385 postremo.
924 4316 1005 4370 Cf.
1044 4315 1217 4370 etiam
1270 4334 1323 4384 p.
1364 4318 1449 4384 93,
1489 4318 1523 4371 8
1568 4317 1628 4371 M
1638 4340 1651 4383 ;
1710 4317 1777 4371 de
1832 4318 2106 4374 Frontone
2161 4317 2253 4372 adi
2308 4319 2406 4372 hos
2461 4319 2628 4371 locos:

385 4419 437 4473 p.
483 4407 597 4471 145,
638 4408 697 4471 93
741 4409 859 4471 149,
900 4407 996 4471 213
1040 4407 1156 4472 114,
1197 4407 1353 4461 5-6.
