3140 5014
1293 1511 1777 1595 Praefatio.

562 1761 1126 1887 Commentatione
1171 1814 1291 1878 hac
1336 1814 1413 1879 de
1440 1814 1767 1880 Frontone
1800 1818 2155 1900 conscripta
2191 1819 2255 1882 id
2297 1818 2479 1882 nobis
2504 1841 2657 1902 pro-

419 1924 761 2007 posuimuS,
808 1927 883 1986 ut
928 1920 1321 1985 Frontonem
1365 1922 1704 2005 praecipue
1730 1925 2144 2006 antiquorum
2173 1946 2658 2008 nonnumquam

417 2035 634 2094 tamen
697 2028 892 2092 etiam
955 2027 1377 2093 recentiorum
1441 2027 1900 2094 aemulatorem
1963 2052 2092 2096 esse
2166 2031 2655 2097 ostenderemus,

419 2135 578 2201 Cum
640 2138 855 2199 autem
915 2134 1074 2198 illud
1135 2135 1264 2198 iam
1327 2135 1478 2198 satis
1543 2136 1711 2200 inter
1776 2158 1992 2201 omnes
2059 2140 2379 2202 constaret
2451 2137 2657 2202 Fron-

419 2248 636 2307 tonem
683 2242 941 2306 omnino
987 2242 1225 2325 priscos
1269 2242 1610 2325 scriptores
1655 2242 1845 2307 nimis
1890 2244 2193 2309 admirari
2239 2249 2303 2309 et
2331 2245 2657 2325 aemulari,

418 2349 483 2412 id
547 2349 942 2432 potissimum
1006 2352 1296 2412 nostrum
1361 2369 1490 2412 esse
1553 2350 1945 2431 putavimuS,
2010 2356 2084 2416 ut
2142 2351 2427 2436 singulas
2489 2351 2660 2435 apud

421 2455 809 2522 Frontonem
865 2456 1266 2541 singulorum
1333 2458 1667 2520 auctorum
1712 2459 2000 2522 veterum
2062 2457 2453 2523 imitationes
2516 2458 2661 2522 dili-

420 2564 672 2648 gentius
717 2563 1182 2647 indagaremus.

555 2670 760 2746 Quam
806 2670 1240 2754 quaestionem
1286 2670 1379 2734 ita
1424 2670 1837 2749 instituimuS,
1887 2674 1961 2735 ut
2004 2672 2073 2735 in
2108 2671 2386 2750 exordiO,
2436 2692 2563 2754 quo
2590 2671 2661 2735 in

420 2779 592 2841 statu
655 2778 915 2841 ineunte
977 2776 1178 2841 altero
1241 2799 1305 2860 p.
1364 2776 1510 2842 Chr.
1568 2800 1633 2843 n.
1700 2779 1949 2842 saeculo
2015 2779 2266 2843 litterae
2332 2779 2661 2844 Romanae

421 2883 706 2961 fuissent,
756 2904 1007 2967 quaque
1053 2883 1130 2947 de
1159 2905 1345 2947 causa
1374 2884 1617 2947 Fronto
1661 2885 2046 2949 archaismos
2090 2891 2470 2969 usurpasset,
2520 2886 2662 2950 bre-

422 2975 584 3054 viter
629 2989 1104 3072 explicaremus,
1215 2989 1353 3054 Iam
1399 2990 1475 3054 ad
1525 2991 1812 3076 singulas
1857 2992 2245 3057 imitationes
2301 2992 2663 3057 accedentes

422 3098 697 3179 primum
763 3096 838 3161 de
884 3096 1212 3162 Frontone
1277 3103 1564 3163 veterum
1631 3102 1959 3163 oratorum
2021 3100 2361 3183 praecipue
2407 3098 2665 3163 Catonis

421 3225 667 3267 summo
714 3203 1044 3269 laudatore
1089 3207 1282 3287 atque
1326 3204 1652 3269 imitatore
1701 3205 1888 3269 verba
1943 3205 2224 3273 fecimus
2334 3206 2499 3270 Tum
2554 3227 2663 3269 ex-

422 3310 685 3394 planare
730 3310 1103 3390 studuimus,
1171 3312 1358 3394 quale
1414 3311 1636 3375 fuisset
1681 3311 2025 3377 Frontonis
2069 3312 2372 3377 iudicium
2434 3312 2511 3377 de
2556 3334 2664 3376 ve-

421 3417 660 3482 teribus
705 3417 1020 3483 historicis
1046 3417 1358 3500 imprimis
1386 3418 1463 3482 de
1491 3417 1812 3498 Sallustio,
1843 3420 2120 3502 quidque
2150 3441 2227 3483 ex
2263 3419 2382 3483 hoc
2405 3411 2665 3484 auctore

424 3524 847 3608 decerpsisset.
938 3523 1151 3589 Tertio
1198 3523 1468 3608 denique
1506 3526 1647 3590 loco
1688 3526 2140 3608 disputandum
2169 3525 2296 3590 fuit
2337 3525 2413 3590 de
2457 3525 2664 3590 Fron-

422 3635 575 3695 tone
619 3635 905 3696 veterum
949 3634 1286 3714 poetarum
1332 3631 1683 3714 expilatore
1730 3633 2127 3716 potissimum
2177 3631 2409 3712 Plauti,
2449 3631 2662 3712 Ennii,

424 3738 723 3803 Terentii.

559 3844 717 3909 Cum
746 3849 960 3910 autem
987 3845 1058 3908 in
1105 3868 1177 3909 ea
1223 3867 1290 3908 re
1319 3845 1605 3929 quaestio
1634 3848 2007 3924 versaretur,
2052 3845 2168 3924 uti,
2199 3866 2361 3927 quae
2397 3845 2665 3930 singulis

425 3951 642 4034 priscis
688 3952 1050 4017 auctoribus
1094 3952 1336 4017 Fronto
1391 3952 1664 4032 deberet,
1712 3952 2251 4037 investigaremuS,
2300 3951 2470 4016 haud
2518 3973 2663 4016 raro

426 4058 673 4137 accidit,
722 4062 796 4124 ut
841 4059 1060 4123 eadem
1087 4058 1433 4124 Frontonis
1479 4081 1605 4123 vox
1651 4062 1765 4124 aut
1808 4058 2045 4123 locutio
2074 4058 2246 4142 apud
2275 4059 2488 4142 plures
2514 4057 2665 4123 scri-

426 4169 641 4248 ptores
669 4166 1071 4250 reperiretur,
1103 4188 1219 4230 nec
1246 4170 1466 4232 nostra
1486 4166 1740 4250 quidem
1768 4166 2081 4231 sententia
2108 4164 2399 4230 subtilius
2420 4165 2667 4229 definiri

427 4275 655 4355 posset,
723 4295 799 4337 ex
861 4295 1142 4358 quonam
1207 4295 1424 4337 eorum
1489 4278 1648 4338 esset
1712 4274 2107 4357 deprompta.
2221 4272 2298 4336 In
2363 4272 2667 4337 eiusmodi

423 4379 625 4463 igitur
653 4379 991 4458 vocabulis,
1041 4402 1202 4464 quae
1247 4380 1317 4443 in
1362 4381 1531 4444 calce
1579 4380 1766 4446 huius
1813 4380 2329 4465 quaestiunculae
2375 4378 2694 4443 adiunxi--

2251 4485 2279 4538 1
