3140 5014
1616 318 1700 381 26

671 515 824 600 Pag.
880 516 1026 592 186,
1079 515 1161 580 13
1211 514 1281 578 F.
1343 518 1407 578 et
1462 515 1613 594 208,
1668 516 1748 581 16
1797 514 1867 577 F.
1936 516 2101 580 male
2165 518 2459 581 mulcare.
2571 515 2776 580 Plaut.

539 621 766 686 Bacch.
818 621 930 687 IV.
981 622 1160 700 9,10;
1211 621 1351 685 Mil.
1394 621 1478 684 II.
1529 623 1590 700 2,
1641 624 1712 698 8;
1768 621 1954 686 Most.
2004 622 2118 688 IV.
2168 624 2228 702 2,
2278 624 2393 702 233
2451 622 2626 686 Trin.
2669 621 2775 688 IV.

540 731 599 806 2,
657 730 811 804 142;
879 728 1064 794 Truc.
1111 727 1224 792 IV.
1274 729 1335 805 4,
1385 728 1453 804 53
1537 729 1679 793 Ter.
1740 728 1901 795 Eun.
1948 728 2059 794 IV.
2113 731 2171 808 7,
2222 731 2266 795 4
2326 729 2507 812 (haec
2562 729 2777 794 Plauti

536 839 601 899 et
657 835 937 899 Terentii
996 837 1288 919 exempla
1353 836 1668 921 congessit
1725 823 2196 901 Studemundus
2250 837 2294 903 l.
2352 859 2404 902 c.
2461 859 2525 919 p.
2573 836 2772 901 XXX.

537 942 684 1006 adn.
741 940 805 1024 1)
852 942 1015 1007 addo
1063 965 1138 1006 ex
1185 943 1464 1027 antiquis
1510 943 1739 1007 litteris
1786 942 1933 1010 Acc.
1980 948 2148 1029 trag.
2199 945 2302 1009 85.

670 1049 825 1134 Pag.
879 1050 1025 1127 117,
1081 1051 1161 1115 19
1210 1049 1281 1116 F.
1333 1053 1490 1133 ‘spes
1537 1051 1851 1134 opesque.‘
1945 1051 2081 1118 Ter.
2129 1050 2388 1116 Phorm.
2438 1050 2555 1114 III.
2600 1053 2655 1128 1,
2704 1053 2772 1127 63

535 1155 806 1239 Adelph.
867 1155 981 1220 III.
1033 1158 1094 1235 2,
1144 1158 1229 1222 33
1287 1156 1364 1222 cf.
1422 1156 1602 1222 Stud.
1661 1158 1703 1221 1.
1753 1180 1803 1222 c.
1854 1181 1917 1241 p.
1969 1158 2048 1224 X.
2116 1162 2180 1222 et
2227 1157 2582 1222 Ehrenthal
2628 1157 2672 1223 l.
2720 1180 2771 1222 c.

537 1286 596 1346 p.
648 1263 735 1328 44
781 1263 927 1327 adn.
978 1264 1093 1344 843
1157 1263 1321 1327 addo
1379 1263 1648 1328 eandem
1705 1265 2091 1329 locutionem
2149 1265 2344 1328 etiam
2389 1287 2426 1328 a
2475 1263 2774 1328 Sallustio

536 1392 663 1435 esse
709 1370 1073 1435 adamatam
1120 1370 1200 1436 cf.
1249 1370 1388 1454 lug.
1448 1372 1544 1436 10.
1604 1374 1663 1449 13
1734 1370 1879 1436 114.
1928 1372 2001 1448 43
2058 1371 2207 1437 hist.
2256 1370 2371 1437 ΙΙΙ.
2423 1373 2455 1435 1
2507 1370 2589 1436 Κ.
2646 1373 2770 1454 (ep.

536 1476 649 1542 Cn.
686 1477 910 1561 Pomp.
961 1477 1040 1541 ad
1086 1481 1286 1544 senat.
1337 1477 1430 1561 2.)

668 1584 820 1669 Pag.
880 1585 1028 1663 224,
1085 1586 1166 1649 14
1213 1584 1285 1652 F.
1352 1585 1755 1668 portisculus,
1851 1584 2056 1649 Plaut.
2120 1585 2298 1649 Asin.
2362 1583 2481 1649 III.
2553 1587 2609 1663 l,
2663 1585 2771 1661 153

536 1691 701 1757 Enn.
747 1714 896 1757 ann.
928 1692 1057 1756 233
1108 1691 1323 1768 Vahl.;
1373 1689 1532 1757 Cato
1582 1714 1643 1774 p.
1678 1694 1782 1770 66,
1833 1690 1875 1757 5
1921 1691 2091 1756 Iord.
2139 1692 2219 1756 cf.
2270 1691 2772 1757 Studemundum

536 1800 577 1865 l.
627 1821 679 1863 c.
729 1823 791 1883 p.
840 1799 1041 1865 XXX.
1091 1799 1234 1863 adn.
1291 1802 1354 1874 l;
1403 1799 1568 1863 addo
1617 1799 1839 1864 Laber.
1889 1822 2046 1865 com.
2097 1800 2204 1867 53.

670 1905 821 1987 Pag.
874 1907 1090 1982 219,1
1144 1906 1214 1971 F.
1265 1909 1328 1969 et
1375 1904 1523 1982 235,
1556 1909 1598 1971 6
1647 1907 1717 1972 F.
1772 1908 1855 1970 ‘in
1905 1910 2113 1972 aetate
2160 1907 2458 1992 agunda.’
2555 1907 2763 1972 Plaut.

533 2011 774 2095 Amph.
826 2012 907 2076 ΙΙ.
959 2015 1018 2090 2,
1075 2016 1105 2078 1
1157 2013 1238 2077 cf.
1290 2013 1646 2078 Ehrenthal
1692 2014 1734 2077 l.
1784 2035 1835 2078 c.
1885 2037 1947 2099 p.
1999 2015 2116 2090 36;
2163 2014 2357 2080 addo:
2407 2013 2570 2078 Enn.
2621 2036 2767 2081 ann.

536 2120 687 2183 370.

668 2225 824 2310 Pag.
876 2227 979 2304 65,
1030 2228 1068 2292 8
1117 2227 1187 2293 F.
1235 2229 1569 2292 marculus.
1620 2227 1816 2295 Lucil.
1872 2232 1990 2292 sat.
2050 2228 2131 2293 fr.
2188 2228 2310 2294 inc.
2364 2231 2518 2305 117;
2577 2228 2767 2294 Mart.

533 2332 678 2399 XII.
728 2335 832 2411 57,
885 2336 944 2399 6.

667 2439 820 2526 Pag.
888 2442 1031 2518 138,
1088 2443 1166 2506 13
1215 2441 1292 2505 V.
1344 2441 1531 2506 docta
1585 2442 1772 2507 dicta.
1868 2441 2078 2506 Plaut.
2136 2441 2314 2509 Asin.
2372 2443 2489 2507 III.
2553 2446 2608 2524 1,
2659 2445 2769 2523 203

533 2547 703 2612 Men.
755 2547 836 2611 Π.
894 2553 949 2633 1,
1000 2550 1113 2626 24;
1172 2550 1344 2614 Trin.
1396 2550 1476 2618 ΙΙ.
1528 2552 1589 2628 2,
1639 2552 1753 2626 98;
1822 2549 1984 2616 Enn.
2036 2574 2183 2615 ann.
2235 2552 2393 2628 274;
2449 2552 2634 2617 Lucr.
2683 2552 2765 2616 II.

534 2656 692 2729 987;
742 2654 820 2719 V.
878 2657 1022 2721 113.

1596 3258 1707 3324 ΙΙ.

744 3406 872 3487 De
914 3403 1360 3486 Frontone
1414 3402 2017 3486 recentiorum
2073 3403 2551 3487 imitatore.

669 3617 1074 3683 Perlustratis
1121 3616 1335 3680 animo
1385 3616 1489 3690 eiS,
1540 3638 1703 3700 quae
1734 3616 1977 3681 Fronto
2008 3639 2084 3680 ex
2121 3615 2403 3699 antiquis
2449 3615 2764 3700 repetivit,

530 3729 653 3791 iam
749 3726 828 3790 ad
920 3725 1188 3788 alteram
1264 3723 1723 3788 dissertationis
1821 3727 2069 3807 partem
2153 3724 2541 3802 accessimus,
2641 3745 2767 3806 qua

532 3834 608 3898 de
654 3834 979 3897 Frontone
1035 3831 1455 3895 recentiorum
1515 3832 1841 3895 imitatore
1898 3834 1989 3894 est
2045 3830 2518 3913 disputandum.
2609 3830 2766 3893 Pro-

532 3940 696 4004 fecto
762 3939 946 4002 facile
1011 3937 1327 4021 quispiam
1391 3960 1466 4001 ex
1530 3938 1743 4001 nimiis
1807 3938 1978 4022 apud
2025 3937 2418 4002 Frontonem
2482 3940 2766 4002 veterum

531 4045 1108 4132 praedicationibus
1155 4044 1525 4110 concludere
1554 4045 1772 4129 possit,
1823 4068 1966 4110 eum
1998 4046 2189 4109 caseis
2216 4047 2469 4109 tantum
2512 4042 2767 4108 vocibus

531 4159 592 4219 et
639 4153 1016 4218 dictionibus
1062 4153 1391 4219 studuisse.
1481 4152 1790 4217 Attamen
1831 4152 2002 4217 haud
2049 4174 2252 4236 pauca
2299 4156 2548 4234 praesto
2594 4152 2763 4227 sunt,

531 4286 693 4346 quae
740 4264 1115 4346 repugnent.
1217 4261 1430 4345 Atque
1494 4261 1891 4344 potissimum
1958 4260 2213 4343 quidem
2278 4259 2358 4323 ad
2422 4257 2766 4322 Frontonis

532 4370 951 4442 recentiorum
1000 4368 1416 4458 expilationes
1471 4368 1751 4436 virorum
1807 4369 2133 4434 doctorum
2191 4367 2436 4431 animos
2491 4364 2767 4430 advertit
