3140 5014
1546 316 1668 397 14,

601 507 889 594 Reliqua,
939 533 1101 595 quae
1147 534 1223 576 ex
1251 510 1489 577 Catone
1521 513 1855 595 desumpta
1892 533 2022 577 esse
2053 518 2336 605 possunt,
2386 519 2524 582 tum
2550 536 2700 621 plro-

465 617 756 696 feremuS,
804 630 948 683 cum
996 619 1072 684 de
1120 619 1206 683 eis
1253 619 1732 703 disputabimUS‚
1782 642 1946 703 quae
1992 621 2250 685 omnino
2297 643 2373 685 ex
2421 622 2701 706 antiquis

430 726 805 791 'fluxerunt
855 727 967 806 (cf.
1016 749 1077 810 p.
1126 728 1211 792 23
1257 729 1382 810 sq.)

598 849 737 914 Iam
796 851 866 913 in
922 873 1060 915 eam
1117 850 1566 934 disputationis
1629 854 1877 935 partem
1944 853 2371 936 processimu8‚
2442 875 2568 937 qua
2633 854 2699 918 in

468 956 811 1022 Frontonis
858 958 934 1022 de
979 980 1192 1023 rerum
1238 963 1561 1043 gestarum
1607 959 2016 1043 scriptoribus
2055 960 2356 1024 iudicium
2390 960 2570 1024 nobis
2607 965 2718 1025 est.

470 1064 939 1147 inquirendum.
1032 1064 1125 1129 Ut
1169 1069 1662 1131 consentaneum
1708 1069 1819 1145 est,
1868 1067 1973 1132 hic
2017 1089 2268 1150 quoque
2307 1067 2698 1132 Frontonem

468 1170 999 1254 deprehendimus
1055 1172 1464 1255 antiquorum
1518 1173 1707 1236 nimis
1760 1174 2131 1251 studiosum,
2192 1173 2532 1238 admodum
2590 1197 2702 1238 ne-

465 1279 828 1362 glegentem
875 1279 1293 1343 recentiorum
1333 1284 1666 1343 auctorum
1723 1285 1914 1363 atque
1962 1281 2444 1364 elegantiorum.
2536 1280 2699 1357 Quid

467 1384 681 1447 enim?
771 1384 933 1449 Livii
998 1388 1112 1449 aut
1172 1386 1374 1449 Taciti
1438 1408 1518 1449 ne
1583 1387 1846 1451 nomina
1912 1387 2165 1469 quidem
2230 1388 2699 1465 commemorat,

467 1494 689 1555 contra
742 1494 1025 1555 vetustos
1081 1493 1411 1556 annalium
1476 1495 1591 1556 aut
1643 1492 2052 1557 historiarum
2118 1494 2454 1577 scriptores
2515 1492 2700 1557 laude

468 1597 724 1662 decorat
767 1619 1137 1681 permagna.
2511 1582 2515 1588 Δ

601 1720 815 1804 Atque
861 1723 1133 1786 maxime
1178 1722 1435 1805 quidem
1478 1723 1649 1787 inter
1693 1723 1807 1788 hos
1852 1723 1920 1789 L.
1968 1722 2213 1788 Coelius
2259 1722 2601 1807 Antipater
2647 1724 2702 1787 ei

469 1829 797 1912 probatur,
856 1829 1028 1912 quod
1083 1830 1147 1892 in
1206 1829 1638 1913 persequendo
1692 1830 1860 1895 bello
1908 1830 2148 1895 Punico
2193 1830 2465 1895 secundo
2513 1830 2703 1895 verba

473 1936 831 2019 ‘insperata'
899 1938 1000 2000 vel
1055 1937 1267 2019 potius
1323 1936 1709 2000 archaismos
1766 1960 1840 2001 ex
1886 1930 2097 2001 Ennio
2153 1937 2533 2001 industriose
2598 1959 2702 2001 ac-

469 2042 813 2125 quisiverit.
885 2043 963 2109 cf.
1005 2066 1067 2126 p.
1110 2044 1214 2121 62,
1251 2044 1331 2108 18
1401 2042 1665 2107 ‘Ennius
1712 2066 1982 2127 eumque
2026 2043 2305 2109 studiose
2352 2043 2703 2108 aemulatus

468 2147 536 2216 L.
567 2147 850 2217 Coelius?
862 2149 905 2226 1)
961 2149 1254 2214 Profecto
1298 2150 1693 2233 potissimum
1726 2150 1806 2214 ob
1849 2151 2013 2215 hanc
2051 2173 2320 2228 causam,
2358 2153 2498 2214 tum
2554 2171 2701 2214 vero

469 2256 679 2333 etiam,
712 2256 881 2338 quod
902 2256 1149 2320 Coelius
1168 2257 1235 2320 in
1257 2258 1593 2321 annalibus
1625 2260 1723 2321 vel
1763 2258 1975 2340 potius
2001 2258 2069 2322 in
2100 2257 2378 2321 historiis
2407 2261 2703 2321 ornatum

470 2363 853 2426 rhetoricum
918 2364 1258 2441 adamavit,
1334 2363 1413 2427 ad
1489 2365 1620 2427 eius
1692 2363 1974 2428 studium
2038 2365 2327 2428 alumnos
2392 2364 2701 2427 incitavit.

469 2470 548 2533 cf.
610 2493 670 2553 p.
748 2470 898 2548 253,
965 2470 1140 2536 3—5
1186 2469 1274 2536 M.
1345 2470 1628 2535 ‘necdum
1692 2471 1818 2556 legi
1882 2470 2252 2535 Coelianum
2317 2474 2699 2555 excerptum,

471 2576 640 2660 quod
670 2577 913 2657 misisti,
961 2600 1075 2642 nec
1106 2579 1334 2663 legam,
1366 2578 1738 2661 priusquam
1773 2600 1986 2642 sensus
2015 2578 2148 2661 ipse
2177 2583 2441 2642 venatus
2479 2578 2699 2644 suer0.'

474 2685 618 2762 104,
669 2686 708 2749 8
756 2684 841 2748 Μ.
897 2685 1072 2769 ‘[legi
1119 2708 1194 2748 ex
1241 2684 1483 2767 Coejlio
1531 2685 1883 2769 paululum'
1940 2685 2011 2764 si,
2078 2685 2245 2767 quod
2312 2685 2557 2749 uncinis
2603 2685 2701 2749 in-

469 2791 784 2869 clusimuS‚
835 2791 1036 2854 Maius
1084 2794 1251 2855 recte
1296 2790 1632 2874 supplevit.

604 2916 865 2980 Praeter
911 2920 1125 2980 autem
1172 2915 1456 2980 Coelium
1503 2915 1747 2981 Fronto
1796 2917 1989 2981 etiam
2036 2918 2105 2993 Q.
2154 2916 2489 2981 Claudiurn
2534 2917 2703 2993 Qua-

476 3022 828 3107 drigarium
886 3015 997 3086 ¹res
1068 3026 1278 3105 gestas
1353 3023 1815 3107 elegantissime
1879 3024 1915 3088 i.
1977 3046 2028 3088 e.
2078 3024 2345 3106 antiquo
2418 3045 2705 3087 sermone

473 3152 793 3194 enarrasse
839 3130 1177 3213 praedicat.
1271 3128 1428 3193 Cum
1477 3130 1643 3193 enim
1690 3131 1756 3193 in
1805 3130 2077 3213 epistula
2124 3131 2204 3194 ad
2255 3130 2492 3195 Verum
2537 3129 2700 3213 Imp.

474 3238 624 3301 data
671 3237 844 3302 hunc
919 3238 1171 3319 quidem
1249 3237 1582 3302 historiam
1648 3237 1912 3320 ‘lepide',
1982 3237 2242 3301 Antiam
2300 3241 2522 3302 contra
2588 3237 2705 3301 ‘in-
2792 3300 2797 3307 ,

473 3345 750 3409 venuste'
799 3344 1114 3426 scripsisse
1161 3344 1522 3421 contendat,
1583 3343 1732 3407 inde
1779 3343 1980 3408 elucet
2030 3344 2519 3428 Quadrigarium
2568 3345 2707 3407 lau-

475 3452 609 3515 dari
659 3456 923 3535 propter
969 3451 1367 3528 archaismOS‚
1417 3451 1645 3534 quibus
1692 3450 2143 3529 delectabatur,
2185 3451 2449 3515 Antiam
2495 3456 2709 3515 autem

418 3557 421 3558 ⁷
478 3558 829 3641 vituperari
876 3561 1138 3641 propter
1195 3558 1646 3642 elegantiorem
1716 3558 2026 3622 scribendi
2090 3558 2327 3636 stilum,
2393 3581 2576 3642 quem
2628 3558 2707 3621 ab

475 3687 546 3729 eo
595 3667 974 3748 usurpatum
1019 3664 1209 3728 fuisse
1258 3665 1509 3748 opinari
1556 3666 1720 3730 licet.
1814 3664 1895 3730 cf.
1944 3689 2005 3748 p.
2055 3667 2200 3744 114,
2249 3665 2441 3730 3—4.

473 3914 758 3983 reperitur,
798 3916 920 3967 tum
958 3931 1024 3967 ex
1062 3912 1308 3981 antiquis
1338 3929 1460 3967 eam
1483 3911 1866 3983 depromptam
1893 3931 2006 3967 esse
2034 3930 2266 3967 censeas.
2323 3912 2709 3968 Recentiorum

473 4003 718 4057 imitatio
756 4006 879 4056 tum
917 4003 1092 4056 solum
1131 4001 1473 4057 concedenda
1509 4005 1609 4067 est,
1666 4002 1712 4055 si
1769 4020 1834 4056 ea
1879 4020 1984 4055 vox
2038 4005 2137 4055 aut
2192 4002 2360 4056 dictio
2417 4020 2526 4056 non
2564 4002 2711 4071 apud

476 4092 749 4159 antiqnoe,
788 4091 883 4144 sed
917 4094 1143 4144 tantum
1181 4091 1329 4160 apud
1363 4091 1690 4144 recentiores
1728 4091 1976 4145 occurrit.

622 4197 663 4266 1)
703 4199 857 4264 Quod
893 4199 1040 4259 hunc
1068 4198 1313 4252 Coelium
1342 4199 1592 4252 Naberus
1620 4198 1679 4251 in
1706 4199 1886 4253 indice
1914 4218 1965 4267 p.
1998 4200 2101 4252 269
2130 4198 2435 4267 appellavit
2471 4201 2708 4267 poetam,

474 4285 533 4341 id
579 4287 674 4342 vix
727 4305 883 4357 posse
938 4288 1157 4357 probari
1211 4288 1324 4342 iam
1380 4288 1523 4343 dixit
1577 4289 1761 4343 Herm.
1801 4289 1985 4343 Peter:
2047 4289 2177 4343 hist.
2215 4306 2348 4342 rom.
2387 4289 2485 4342 rel.
2521 4289 2627 4343 vol.
2668 4289 2708 4341 I.

473 4395 526 4448 p.
569 4377 854 4432 CCXVIII.
895 4378 1020 4446 adn,
1064 4379 1109 4432 1.
