3140 5014
1575 325 1662 391 56

487 544 645 597 num
674 523 860 588 ›⁴eius'
909 544 1096 588 nemo
1140 521 1382 607 poterit
1426 522 1739 587 dubitare.
1854 520 2018 598 Quid
2082 543 2231 587 vero
2276 519 2598 587 Frontoni
2663 544 2737 588 ex

489 630 624 696 istis
686 629 987 714 reliquiis,
1053 643 1211 712 quas
1273 629 1560 713 proxime
1626 628 2081 712 descripsimUS,
2150 628 2568 694 addicendum
2636 630 2737 707 sit,

492 742 710 803 nostra
755 736 1009 820 quidem
1057 736 1371 802 sententia
1420 736 1592 801 haud
1651 736 1909 801 difficile
1974 740 2065 801 est
2128 737 2469 802 intellectu.
2567 737 2739 802 Dicit

494 846 666 911 enim
712 845 932 910 rhetor
977 866 1042 910 se
1090 845 1295 910 malae
1342 844 1725 909 valetudinis
1777 845 2053 928 impetus
2108 845 2456 909 amicorum
2502 846 2739 910 auxilio

493 953 789 1037 mitigare
837 951 1012 1018 velle.
1108 952 1315 1028 Quare
1361 974 1398 1015 a
1442 952 1762 1016 sententia
1807 951 1929 1017 loci
1976 974 2106 1016 non
2154 951 2374 1031 aberit,
2427 953 2555 1017 tale
2587 953 2739 1037 quid

494 1082 611 1144 pro
658 1060 1021 1143 corruptela
1067 1059 1466 1139 substituere,
1516 1059 1688 1142 quod
1739 1063 1804 1124 et
1840 1059 1922 1123 ad
1964 1060 2220 1123 verbum
2257 1060 2565 1143 ‘impetus'
2599 1084 2742 1144 per-

495 1168 699 1232 tineat
743 1172 808 1232 et
851 1189 994 1232 cum
1042 1167 1300 1232 notione
1345 1165 1684 1251 mitigandi
1723 1166 2052 1231 commode
2080 1167 2526 1252 coniungatur.
2623 1167 2741 1234 At-

496 1297 619 1359 que
662 1274 1006 1339 satisfaciet
1053 1274 1318 1338 fortasse
1364 1273 1521 1338 haec
1549 1273 1934 1338 emendatio:
1987 1277 2171 1337 ‘certe
2201 1273 2285 1337 ad
2314 1273 2517 1339 maius
2544 1274 2740 1340 inter·

498 1382 737 1446 vallum
785 1402 996 1445 acres
1043 1381 1203 1444 eius
1248 1380 1522 1464 impetus
1568 1380 1906 1463 mitigare'.

632 1487 797 1553 Sane
842 1488 1048 1571 primo
1095 1488 1321 1552 obtutu
1370 1487 1525 1550 haec
1570 1486 1757 1551 lectio
1806 1511 1843 1550 a
1890 1486 2099 1551 codice
2143 1487 2334 1570 paulo
2366 1488 2508 1570 plus
2535 1487 2744 1554 abesse

499 1594 775 1671 videtur3
823 1594 927 1660 sed
959 1594 1102 1659 ilico
1133 1593 1605 1677 explicabimuS,
1638 1594 1957 1677 quomodo
1988 1594 2146 1658 illud
2180 1616 2242 1678 q,
2274 1594 2443 1678 quod
2475 1596 2745 1660 maxime

501 1725 647 1767 cum
691 1701 1090 1766 coniecturae
1136 1701 1364 1765 litteris
1429 1704 1697 1787 pugnat,
1765 1705 1914 1765 ante
1978 1701 2192 1766 oculos
2239 1702 2521 1767 Durievii
2588 1702 2746 1767 falso

503 1809 656 1875 oriri
704 1809 1002 1892 potuerit.
1096 1807 1312 1872 Evasit
1358 1809 1526 1873 enim
1576 1829 1651 1873 ex
1692 1810 2015 1873 collocatis
2063 1810 2294 1875 litteris
2322 1832 2356 1875 c
2384 1814 2448 1874 et
2476 1834 2508 1875 r
2540 1839 2610 1864 =
2637 1810 2745 1876 GR

505 1917 730 1981 omissa
777 1917 978 1980 altera
1027 1916 1085 1980 R
1131 1915 1383 1979 litterae
1430 1918 1629 1997 parte,
1679 1915 1816 1979 dico
1863 1916 2116 1999 signum
2142 1917 2198 1992 t,
2249 1917 2423 1981 cuius
2467 1919 2745 2000 spatium

506 2025 570 2087 in
634 2023 994 2106 corruptela
1056 2023 1224 2086 inter
1287 2045 1329 2105 q
1394 2026 1457 2087 et
1515 2045 1548 2087 e
1597 2027 1835 2105 puncto
1902 2022 2248 2087 indicatum
2314 2028 2434 2108 est3
2499 2024 2749 2089 litterae

506 2136 720 2196 autem
765 2131 878 2195 iet
906 2152 936 2194 s
982 2150 1145 2215 quae
1190 2131 1256 2193 in
1304 2131 1429 2195 fine
1475 2130 1741 2196 lacunae
1772 2134 2043 2208 exstant,
2096 2135 2376 2197 extrema
2407 2155 2555 2216 pars
2585 2133 2751 2198 vocis

510 2239 678 2304 ‘eius’
725 2242 902 2314 sunt3
951 2238 1079 2303 iam
1126 2237 1367 2321 reliqua
1415 2237 1600 2302 facile
1646 2237 1928 2321 suppleri
1975 2244 2258 2320 possunt.

646 2345 728 2409 De
776 2344 995 2425 nepote
1042 2344 1268 2409 amisso
1315 2344 1355 2408 2
1415 2360 1468 2424 ρ.
1514 2344 1671 2422 232,
1743 2343 1820 2407 12
1868 2359 1962 2425 sq.
2027 2344 2264 2409 Fronto
2329 2346 2589 2410 nimiam
2655 2345 2753 2410 fa-

512 2458 725 2519 torum
772 2451 1181 2517 acerbitatem
1227 2452 1657 2535 conqueritur,
1727 2472 1853 2535 qua
1918 2473 2174 2515 uxorem
2232 2456 2297 2525 et
2352 2453 2632 2538 quinque
2677 2453 2755 2517 li-

511 2559 693 2624 beros
738 2559 1018 2624 amiserit
1063 2564 1255 2642 atque
1302 2560 1420 2623 hos
1466 2559 1722 2641 quidem
1769 2582 1841 2622 ea
1888 2581 2098 2624 rerum
2129 2559 2499 2625 condicione
2526 2561 2755 2625 tristis-

513 2668 689 2743 sima,
749 2670 822 2730 ut
867 2667 984 2749 ipsi
1033 2688 1362 2749 nunquam
1409 2687 1525 2749 pro
1585 2666 1917 2730 demortua
1971 2667 2149 2750 prole
2213 2668 2515 2733 solacium
2562 2669 2757 2732 relin-

516 2777 815 2857 queretur
858 2775 925 2836 in
972 2774 1326 2857 superstite.
1421 2772 1540 2837 Sed
1591 2773 1705 2837 hos
1753 2774 2015 2851 doloreS,
2078 2796 2222 2837 cum
2278 2775 2410 2858 ipse
2455 2776 2625 2839 solus
2671 2775 2758 2839 eis

481 2913 489 2920 ·
519 2881 927 2966 affligeretur,
960 2880 1114 2945 forti
1147 2881 1360 2945 animo
1389 2902 1451 2945 se
1481 2902 1842 2963 perpessum
1874 2902 2000 2945 esse
2026 2882 2119 2945 ita
2146 2883 2446 2946 testatur:
2499 2882 2756 2947 ‘Verum

519 2988 663 3051 illos
709 3009 826 3073 ego
872 2988 1079 3052 luctus
1139 2987 1404 3051 toleravi
1473 2987 1721 3065 fortine,
1789 2987 2017 3070 quibus
2081 2993 2334 3073 egomet
2395 2990 2527 3073 ipse
2590 2991 2761 3053 solus

520 3094 864 3160 cruciabar.
954 3093 1248 3177 Namque
1315 3116 1488 3158 meus
1551 3095 1801 3158 animus
1868 3099 2141 3159 meomet
2204 3096 2405 3161 dolori
2471 3097 2758 3172 obnixus,

525 3201 850 3285 oppositus
895 3202 1074 3283 quasi
1119 3201 1405 3265 solitario
1464 3202 1826 3279 certamine,
1896 3224 2059 3266 unus
2115 3203 2245 3282 uni,
2313 3225 2431 3287 par
2478 3208 2615 3286 pari
2664 3224 2761 3267 re-

523 3307 801 3372 sistebat.
895 3308 987 3372 At
1032 3330 1201 3372 nunc
1252 3359 1266 3375 .
1318 3359 1332 3374 .
1385 3358 1398 3371 .
1452 3361 1465 3376 .
1516 3308 1695 3373 dolor
1742 3309 1958 3373 dolore
2006 3361 2021 3375 .
2073 3360 2086 3373 .
2138 3364 2150 3377 .
2199 3310 2253 3374 ri
2300 3310 2764 3392 multiplicatur

526 3420 589 3479 et
634 3414 957 3479 cumulum
1004 3416 1292 3480 luctuum
1351 3437 1635 3480 meorum
1694 3417 1864 3500 ,ferre
1928 3439 2200 3499 nequeo;
2266 3415 2581 3479 Victorini
2639 3415 2763 3478 mei

527 3522 801 3586 lacrimis
847 3522 1118 3599 tabesco,
1167 3522 1608 3607 conliquescO.'

662 3627 1066 3711 Propositum
1114 3630 1271 3693 mihi
1317 3634 1428 3709 est,
1491 3632 1758 3695 alteram
1805 3631 2098 3692 lacunam
2145 3627 2459 3707 resarcire,
2525 3628 2592 3691 in
2638 3650 2765 3711 qua

530 3738 689 3801 teste
735 3734 1035 3800 Durievio
1083 3735 1237 3800 haec
1285 3737 1754 3801 discernuntur:
1826 3784 1839 3797 .
1894 3784 1906 3797 .
1957 3735 2190 3799 ucueri.
2299 3734 2454 3798 Cum
2521 3734 2763 3800 Fronto

529 3864 713 3906 suum
742 3842 936 3925 ipsius
964 3842 1246 3908 dolorem
1276 3844 1451 3907 luctu
1483 3843 1690 3907 alieno
1721 3841 1937 3925 augeri
1967 3841 2327 3919 contendat,
2358 3843 2485 3906 tale
2512 3843 2767 3926 supple-

532 3952 818 4012 mentum
876 3950 942 4013 in
1007 3954 1310 4034 promptu
1375 3953 1496 4013 est:
1566 3948 1655 4011 At
1719 3970 1887 4011 nunc
1951 3949 2211 4031 (nepote
2275 3950 2501 4014 amisso
2565 3948 2766 4030 meus)

534 4055 716 4124 dolor
763 4055 978 4122 dolore
1022 4057 1165 4121 mei
1210 4055 1467 4141 generi
1517 4053 1996 4137 multiplicatur.

1440 4283 1866 4301 ww
