3140 5014
1623 297 1711 364 46

551 513 683 556 non
728 493 963 557 libeat'.
1058 490 1208 558 Sola
1253 492 1421 556 enim
1469 494 1713 559 librarii
1761 495 2159 580 neglegentia
2204 494 2363 559 illud
2410 495 2798 561 adverbium

552 621 627 663 ex
673 583 1072 683 praecedenti
1120 601 1359 684 ‘magis'
1418 600 1486 664 in
1549 605 1798 666 textum
1862 602 2141 685 irrepsit3
2205 602 2375 685 quod
2439 607 2609 668 reete
2664 606 2803 668 iam

551 705 827 771 Orellius
871 706 1219 789 suspicatus
1266 709 1373 781 est,
1420 707 1527 771 sed
1575 709 1740 773 male
1782 708 2158 786 emendavit,
2208 731 2353 774 cum
2392 732 2508 793 pro
2550 711 2800 795 ‘magis’

551 816 864 879 coniceret
912 814 1265 900 ‘ingratiis'.
1359 814 1437 880 cf.
1485 814 1937 881 chrestomath.
1984 816 2297 883 Fronton.
2356 839 2428 901 p..
2474 819 2597 884 167
2645 840 2693 882 S.
2745 817 2800 880 f.

551 921 813 1004 Saepius
859 924 1068 987 autem
1115 922 1185 985 in
1232 921 1443 986 codice
1491 922 1932 988 Frontoniano
1979 923 2222 989 librarii
2283 946 2358 988 ex
2415 925 2802 1008 praeceden-

550 1029 720 1093 tibus
765 1029 956 1093 verba
985 1030 1395 1114 neglegenter
1434 1029 1669 1094 iterum
1700 1030 2120 1098 inculcarunt.
2186 1032 2268 1095 ef.
2300 1055 2363 1114 p.
2400 1033 2525 1098 177
2557 1031 2701 1099 adn.
2727 1034 2800 1108 13

556 1139 680 1202 178
729 1137 874 1201 adn.
925 1137 992 1215 2;
1043 1137 1367 1211 183-7;
1417 1137 1500 1202 88
1526 1139 1691 1205 —6.

685 1298 921 1363 Eadem
968 1298 1212 1363 ratione
1258 1297 1466 1363 labem
1507 1301 1864 1379 traxerunt,
1914 1321 2076 1382 quae
2123 1301 2529 1383 reperiuntur
2567 1299 2643 1365 de
2675 1300 2801 1365 elo·

550 1405 792 1488 quentia
844 1405 899 1469 1.
948 1421 1002 1485 ρ.
1056 1403 1206 1485 143,
1262 1403 1341 1469 18
1390 1421 1511 1486 sq.:
1561 1405 1797 1471 ‘Simile
1853 1408 2096 1490 igitur
2141 1407 2209 1471 in
2256 1408 2620 1491 eloquentia
2665 1430 2800 1471 ser-

550 1513 857 1578 vandum:
924 1535 1052 1576 non
1112 1535 1300 1596 opere
1357 1513 1555 1577 nimio
1620 1514 2023 1597 concupiscas
2088 1516 2358 1600 igitur,
2424 1538 2539 1579 nec
2607 1538 2800 1599 opere

551 1621 746 1685 nimio
793 1641 1106 1684 aversere:
1157 1625 1297 1685 tum
1341 1621 1395 1684 si
1443 1620 1806 1707 eligendum
1862 1621 1971 1700 sit,
2038 1623 2236 1707 longe
2294 1624 2608 1707 longeque
2663 1625 2799 1686 elo-

552 1729 876 1812 quentiam
920 1726 1233 1791 infantiae
1279 1727 1639 1810 praefera8.'
1714 1726 2152 1793 Molestissime
2192 1730 2610 1813 aequabilitas
2656 1753 2797 1794 ver-

550 1828 774 1899 borum
830 1836 1032 1899 altero
1094 1834 1330 1920 ‘igitur'
1391 1835 1807 1903 deformatur.
1920 1837 2127 1911 Quare
2195 1836 2619 1915 Frontonem,
2685 1838 2797 1920 qui

551 1941 835 2006 Sallustii
865 1942 1351 2005 contentionum
1395 1943 1780 2026 elegantiam
1827 1942 2055 2007 diserte
2100 1943 2434 2027 praedicet,
2483 1944 2576 2009 ita
2604 1944 2797 2027 scrip-

548 2051 696 2113 sisse
760 2048 1110 2113 contendo:
1199 2052 1346 2112 ‘non
1414 2072 1601 2133 opere
1666 2051 1861 2114 nimio
1926 2051 2354 2134 concupiscaS,
2429 2074 2545 2116 nec
2610 2074 2800 2135 opere

550 2158 748 2220 nimio
797 2156 1118 2221 aversere'.

683 2317 764 2383 Ad
814 2319 886 2383 Μ.
936 2317 1111 2384 CaeS.
1156 2319 1217 2382 V.
1268 2317 1355 2383 59
1405 2318 1551 2403 (74)
1600 2336 1655 2400 ρ.
1706 2319 1813 2400 93,
1867 2321 1891 2385 1
1964 2322 2115 2386 haec
2169 2321 2543 2385 traduntur:
2620 2320 2793 2385 ‘Heri

549 2431 758 2491 totum
794 2426 956 2490 diem
989 2427 1051 2490 in
1083 2427 1309 2490 itinere
1339 2426 1736 2492 adtrivimus:
1784 2427 1971 2492 hodie
2001 2428 2260 2493 difficile
2288 2432 2399 2507 est,
2441 2433 2514 2492 ut
2543 2432 2797 2514 praeter
2863 2480 2870 2485 .

551 2536 976 2618 vespertinam
1040 2538 1275 2620 γνώμην
1341 2535 1682 2619 quicquam
1756 2536 1862 2620 agi
1934 2536 2151 2619 possit.
2263 2535 2496 2615 Nocte,
2563 2538 2794 2621 inquiS,

549 2647 682 2708 tam
732 2644 927 2727 longa
974 2641 1251 2707 dormis?
1345 2642 1428 2707 Et
1475 2642 1748 2707 dormire
1795 2643 2048 2727 quidem
2098 2665 2381 2727 possum,
2448 2668 2600 2709 nam
2652 2666 2791 2709 sum

552 2751 776 2815 multi
821 2750 1093 2825 somni3
1143 2748 1267 2813 sed
1313 2753 1567 2813 tantum
1617 2749 1876 2835 frigoris
1922 2754 2017 2815 est
2063 2752 2129 2814 in
2178 2751 2465 2815 cubiculo
2510 2774 2669 2829 meo,
2718 2755 2793 2814 ut

553 2879 776 2921 manus
822 2857 927 2921 vix
975 2856 1173 2920 exseri
1220 2856 1433 2939 possit.
1527 2855 1646 2920 Sed
1697 2880 1763 2920 re
1812 2879 1959 2921 vera
2006 2857 2117 2922 illa
2164 2879 2261 2922 res
2317 2860 2589 2923 maxime
2635 2859 2791 2922 mihi

552 2966 833 3030 animum
882 2987 920 3027 a
965 2962 1189 3027 studiis
1236 2962 1499 3046 depulit,
1549 2964 1739 3045 quod'
1789 2987 1841 3028 e.
1893 2987 1953 3047 q.
2001 2986 2050 3030 s.
2144 2965 2281 3029 Iam
2327 2966 2791 3031 Klussmannus

552 3075 592 3136 l.
624 3094 674 3138 c.
711 3096 771 3156 p.
821 3072 907 3137 49
935 3093 1027 3154 sq.
1077 3074 1243 3135 recte
1289 3071 1580 3154 exposuit
1624 3071 1835 3154 priore
1881 3073 2196 3156 particula
2244 3074 2388 3137 ‘sed'
2438 3075 2791 3139 orationem

551 3181 685 3245 fieri
735 3180 1200 3247 inconcinnam.
1293 3177 1518 3262 Neque
1584 3179 1750 3242 enim
1815 3182 2145 3263 oppositae
2208 3185 2359 3245 sunt
2419 3181 2786 3256 sententiae,

553 3309 770 3352 verum
817 3285 1067 3351 Marcus
1113 3286 1284 3365 dicit,
1335 3291 1407 3350 ut
1451 3286 1777 3350 sententiis
1825 3292 2008 3352 nocte
2052 3288 2488 3353 convertendis
2533 3308 2787 3368 operam

553 3417 679 3459 non
728 3394 926 3470 daret,
974 3393 1039 3457 id
1085 3394 1212 3458 iam
1261 3396 1530 3476 utraque
1578 3415 1648 3456 re
1693 3395 1828 3460 fieri
1876 3397 2183 3479 potuisse:
2249 3399 2314 3458 et
2365 3415 2477 3456 sua
2532 3411 2786 3453 somno-

551 3501 749 3565 lentia
811 3503 873 3564 et
934 3500 1203 3565 cubiculi
1270 3500 1528 3586 frigore.
1639 3501 1813 3577 Quae
1876 3525 2018 3567 cum
2094 3504 2185 3564 ita
2245 3500 2402 3577 sint,
2478 3496 2788 3561 assentior

551 3609 977 3673 Klussmanno
1047 3611 1211 3671 ‘nam
1277 3630 1417 3672 sum
1482 3610 1705 3672 multi
1767 3609 2036 3684 somni,
2105 3611 2169 3671 et
2222 3607 2478 3669 tantum
2533 3605 2787 3690 frigoris

552 3718 664 3780 est'
730 3715 1114 3782 emendanti.
1225 3714 1392 3780 Illud
1466 3719 1722 3781 tantum
1786 3714 1977 3778 addo:
2057 3714 2367 3779 levissima
2431 3714 2788 3779 mutatione

552 3825 760 3889 locum
806 3827 1100 3888 sanatum
1145 3824 1243 3903 iri,
1301 3824 1353 3887 si
1409 3822 1790 3887 adiectivum
1858 3821 2419 3886 ‘multisomnis'
2486 3820 2787 3904 exemplis

551 3932 792 3996 firmari
839 3935 1072 4015 posset3
1121 3931 1284 3995 nihil
1333 3931 1499 4006 enim
1547 3928 1718 3992 aliud
1766 3928 2234 3993 immutandum
2292 3931 2451 3993 esset
2503 3928 2624 3992 nisi
2679 3928 2786 3990 lit-

552 4041 777 4103 terula¹
807 4039 846 4102 d
893 4041 1092 4122 (‘nam
1137 4060 1278 4101 sum
1323 4036 1746 4101 multisomnis
1792 4039 1856 4101 et
1900 4036 2225 4120 tantum').
2320 4035 2441 4102 Sed
2500 4036 2787 4117 exempla

553 4169 682 4211 non
747 4147 1130 4223 invenimus,
1195 4148 1543 4228 suppetunt
1597 4147 1854 4209 tantum
1918 4146 2252 4230 analogiae
2305 4144 2525 4209 similis
2580 4142 2786 4207 adiec-

551 4256 828 4318 tivorum
892 4253 1292 4318 formationis
1355 4255 1558 4318 velut:
1625 4253 2008 4336 multiiugis,
2079 4250 2527 4336 magnanimiS,
2595 4250 2786 4332 paulo

551 4384 727 4426 secus
772 4362 918 4426 ficta
962 4364 1140 4427 sunt:
1190 4363 1518 4441 exsomniS,
1566 4361 1889 4425 insomnis.

824 4665 955 4748 Ἃ
