3140 5014
1570 305 1628 369 5*

596 501 835 567 Contra
864 501 1031 586 apud
1065 502 1361 585 antiquos
1390 501 1729 585 praecipue
1758 502 1929 585 apud
1952 499 2276 582 Catonem,
2309 501 2700 584 Sallustium,

460 610 778 687 Plautum,
828 609 1110 674 Ennium
1159 609 1349 673 verba
1395 612 1460 672 et
1505 609 1817 688 notione8‚
1884 612 1959 673 ut
2012 614 2219 693 putat,
2269 610 2469 693 probe
2533 611 2704 676 inter

457 739 521 780 se
597 716 933 799 quadrant.
958 715 1008 798 1)
1088 715 1341 798 ¹Itaque
1409 738 1485 780 ex
1549 737 1766 780 eorum
1832 716 2228 798 potissimum
2301 717 2572 797 lectione
2636 722 2702 782 et

457 824 880 888 aemulatione
924 845 1161 888 novum
1190 823 1564 889 litterarum
1614 823 2079 888 incrementum
2125 827 2465 907 exspectat.

514 978 523 987 ²
591 949 711 1015 Sed
777 953 1031 1032 praeter
1094 949 1259 1014 hanc
1323 971 1515 1031 quam
1581 949 1769 1013 modo
1834 949 2220 1032 protulimus
2285 951 2695 1034 antiquorum

453 1056 831 1120 imitationis
876 1078 1129 1120 causam
1184 1057 1310 1120 alia
1377 1078 1630 1139 quoque
1693 1055 1946 1120 suberat
2009 1056 2079 1119 in
2126 1056 2467 1136 Frontone,
2535 1082 2696 1142 quae

457 1164 715 1226 omnino
779 1162 845 1224 in
911 1185 1126 1227 omnes
1193 1164 1588 1246 antiquarios
1625 1162 1841 1227 cadit.
1965 1161 2324 1227 Archaismi
2387 1166 2555 1228 enim
2620 1188 2694 1230 ex

453 1270 670 1352 priscis
733 1270 1097 1333 auctoribus
1130 1324 1131 1327 ,
1159 1272 1412 1352 practer
1476 1269 1874 1333 audientium
1920 1269 2287 1353 opinionem
2333 1269 2695 1355 deprompti

452 1398 759 1440 novorum
781 1374 831 1459 2)
878 1375 1149 1459 speciem
1177 1376 1586 1460 praebebant,
1637 1399 1799 1460 quae
1829 1377 2086 1460 quidem
2114 1377 2402 1441 homines
2447 1399 2693 1443 summa

450 1505 589 1568 cum
666 1482 1083 1547 delectatione
1160 1483 1518 1561 audiebant,
1596 1484 1883 1567 proferre
1946 1485 2162 1548 autem
2234 1483 2310 1548 de
2381 1506 2495 1548 suo
2560 1507 2692 1549 non

448 1591 763 1672 poterant.

580 1716 753 1790 Quae
800 1737 941 1778 cum
988 1715 1080 1779 ita
1125 1720 1330 1782 essent
1376 1716 1501 1779 iam
1551 1715 2025 1800 diligentissime
2072 1713 2347 1794 CatoniS,
2398 1716 2685 1795 Gracchi,

444 1928 604 1996 epist.
643 1928 762 1981 crit.
803 1928 886 1982 ad.
919 1917 990 1981 R.
1030 1929 1460 1983 Klussmannum
1497 1947 1548 1997 p.
1590 1929 1813 1993 XXXII,
1871 1946 2013 1997 quae
2072 1928 2336 1983 adiuncta
2381 1932 2465 1983 est
2501 1930 2685 1983 Kluss—

441 2018 633 2071 manni
669 2018 883 2071 libello:
922 2019 1348 2072 Emendationes
1384 2018 1806 2072 Frontonianae.
1883 2019 2124 2072 Berolini
2171 2019 2319 2072 1874.

568 2124 630 2192 ‚²)
667 2143 718 2193 p.
759 2126 843 2189 62,
883 2127 1072 2179 9-20.
1177 2127 1257 2178 ‘In
1303 2126 1482 2180 verbis
1536 2142 1665 2180 vero
1722 2125 1992 2195 eligendis
2048 2125 2502 2194 conlocandisque
2555 2125 2685 2180 ilico

441 2213 672 2267 dilucet:
727 2230 828 2266 nec
873 2214 1041 2267 verba
1078 2214 1206 2268 dare
1245 2214 1339 2266 diu
1378 2214 1500 2283 quis
1540 2213 1769 2280 (emend.
1810 2215 2045 2268 Klussm.
2086 2215 2121 2267 l.
2162 2233 2205 2268 c.
2245 2234 2297 2283 p.
2338 2215 2429 2282 44)
2484 2218 2682 2284 potest,

440 2302 576 2370 quin
613 2318 669 2355 se
704 2301 821 2371 ipse
857 2301 1064 2356 indicet
1100 2303 1389 2356 verborum
1426 2303 1689 2372 ignarum
1734 2320 1863 2367 esse,
1922 2320 2096 2371 eaque
2140 2305 2287 2357 male
2323 2304 2570 2372 probare,
2627 2307 2684 2358 et

440 2394 645 2445 temere
683 2390 1011 2456 existimare,
1051 2394 1108 2445 et
1144 2391 1314 2446 inscie
1350 2394 1707 2457 contrectare,
1763 2408 1942 2459 neque
1987 2391 2212 2445 modum
2247 2390 2434 2461 'neque
2471 2393 2681 2461 pondus

439 2480 592 2535 verbi
613 2480 930 2535 internosse.
1007 2480 1184 2546 Quam
1211 2482 1279 2535 ob
1306 2498 1425 2535 rem
1450 2481 1563 2535 rari
1602 2481 1898 2535 admodum
1933 2484 2236 2535 veterum
2274 2481 2679 2551 scriptorum

438 2569 498 2621 in
553 2588 680 2623 eum
734 2571 978 2624 laborem
1032 2570 1386 2639 studiumque
1443 2574 1499 2625 et
1561 2570 1871 2639 periculum
1925 2571 2129 2625 verba
2182 2570 2679 2625 industriosius

439 2659 808 2726 quaerendi
845 2675 960 2713 sese
997 2659 1327 2714 commisere.
1414 2659 1711 2714 Oratorum
1746 2663 1870 2728 post
1906 2659 2155 2713 homines
2191 2663 2351 2714 natos
2388 2678 2530 2714 unus
2566 2678 2676 2714 om-

435 2748 593 2802 nium
646 2749 718 2802 M.
767 2748 987 2803 Porcius
1042 2748 1265 2817 eiusque
1319 2749 1575 2818 frequens
1628 2752 1867 2804 sectator
1922 2749 1977 2803 C.
2018 2748 2333 2803 Sallustius:
2390 2753 2678 2818 poetarum

434 2838 673 2894 maxime
710 2840 958 2904 Plautus,
996 2840 1174 2893 multo
1210 2840 1450 2894 maxime
1489 2840 1549 2905 Q.
1588 2839 1799 2893 Ennius
1849 2838 1936 2907 (cf.
1986 2839 2329 2894 Studemund
2366 2858 2453 2909 ap.
2490 2841 2675 2893 Kluss·

434 2946 700 2982 mannum
746 2929 781 2981 l.
822 2946 865 2983 c.
904 2947 958 2997 p.
997 2929 1067 2981 44
1105 2929 1228 2982 adn.
1270 2929 1326 2997 u)
1381 2946 1618 2997 eumque
1673 2929 1913 2983 studiose
1969 2930 2279 2984 aemulatus
2333 2930 2392 2982 L.
2442 2929 2673 2995 Coelius,

434 3035 534 3073 nec
569 3036 678 3071 non
715 3018 974 3082 NaeviUS,
1014 3019 1315 3084 Lucretius,
1348 3018 1544 3073 Accius
1573 3018 1761 3084 etiam,
1792 3018 2077 3084 Caecilius,
2125 3018 2385 3072 Laberius
2422 3020 2673 3088 quoque.'

575 3127 627 3177 p.
669 3108 788 3173 161,
832 3108 1057 3162 12-15.
1135 3109 1444 3162 ‘Revertere
1491 3108 1677 3177 potius
1732 3108 1802 3161 ad
1837 3109 2005 3162 verba
2043 3109 2177 3176 apta
2231 3111 2288 3161 et
2341 3108 2564 3176 propria
2618 3111 2674 3162 et

432 3215 528 3251 suo
567 3214 693 3252 suco
729 3197 960 3251 imbuta.
1036 3196 1269 3262 Scabies,
1309 3197 1528 3266 porrigo
1566 3214 1633 3251 ex
1671 3196 1936 3251 eiusmodi
1973 3196 2127 3250 libris
2183 3196 2438 3262 (Senecae
2475 3200 2531 3251 et
2567 3198 2671 3251 Lu-

433 3285 578 3355 cani)
615 3285 932 3354 concipitur.
1006 3286 1290 3340 Monetam
1324 3286 1485 3340 illam
1520 3289 1821 3340 veterem
1856 3287 2125 3339 sectator.'

573 3376 866 3429 Praeterea
901 3375 1190 3429 Frontonis
1229 3376 1604 3444 scrupulosum
1641 3375 1888 3429 studium
1934 3376 2239 3441 verborum,
2297 3393 2439 3444 quae
2493 3375 2668 3430 notio-

431 3464 591 3518 nibus
628 3463 1000 3533 significandis
1038 3463 1326 3533 aptissima
1379 3464 1507 3530 sint,
1563 3463 2016 3533 inquirendorum
2070 3464 2249 3519 elucet
2295 3482 2361 3518 ex
2396 3464 2483 3518 his
2520 3465 2668 3530 lociS,

431 3569 566 3619 quos
603 3553 737 3607 satis
790 3553 1054 3607 habemus
1109 3553 1349 3607 numeris
1409 3553 1693 3607 indicasse.
1769 3554 1836 3607 cf.
1876 3571 1927 3622 p.
1971 3553 2054 3618 12,
2093 3554 2141 3607 8.
2183 3554 2268 3619 64,
2307 3554 2483 3607 3—24
2522 3551 2668 3620 (cum

431 3641 638 3694 emend.
695 3641 929 3710 Hauptii
984 3659 1069 3710 op.
1117 3643 1199 3695 ΙΠ
1253 3661 1306 3710 p.
1356 3643 1459 3696 563
1533 3642 1937 3709 ‘inscientiam’)
2010 3642 2094 3707 66,
2136 3642 2324 3696 1-15,
2385 3643 2468 3706 78,
2508 3644 2665 3697 4-6.

429 3727 536 3796 (40,
576 3729 681 3797 22).
722 3730 806 3794 98,
845 3729 913 3783 23
950 3748 1028 3797 sq.
1085 3732 1170 3796 99,
1213 3731 1436 3785 11—14.
1501 3732 1617 3796 159,
1660 3734 1706 3784 7.
1768 3732 1885 3796 159,
1931 3731 2152 3784 15-18.
2213 3731 2330 3795 162,
2370 3732 2524 3784 4-6.
2599 3733 2666 3785 Ι11

428 3819 668 3873 numeris
707 3818 991 3872 afferendis
1028 3820 1172 3873 hanc
1206 3820 1387 3889 legem
1425 3819 1721 3888 sequimur,
1767 3823 1832 3874 ut
1879 3820 2144 3873 librorum
2192 3822 2251 3873 et
2302 3819 2664 3889 epistularum

428 3906 621 3962 titulos
655 3907 716 3959 in
751 3924 1007 3961 versuum
1044 3908 1239 3962 seriem
1274 3908 1642 3977 recipiamus)

575 4012 616 4082 ²)
653 4034 704 4084 p.
747 4014 867 4079 151,
907 4016 939 4069 6
979 4017 1059 4069 ‘ut
1089 4044 1150 4053 -
1184 4016 1250 4070 de
1286 4016 1680 4070 contaminatis
1727 4033 1870 4070 nova
1914 4016 2198 4070 redderes!
2277 4018 2395 4081 153,
2440 4017 2473 4070 4
2515 4019 2660 4071 ‘non-

425 4104 568 4157 nihil
604 4103 882 4157 interdum
937 4105 1243 4159 elocutione
1296 4106 1515 4159 novella
1560 4123 1758 4174 parum
1813 4105 2129 4174 signatum'
2224 4105 2291 4159 cf.
2349 4109 2658 4174 praeterea:

429 4194 508 4257 14,
550 4194 582 4246 6
638 4192 782 4259 (cum
837 4211 953 4246 con.
1010 4194 1069 4246 E.
1127 4193 1483 4247 Klussmanni
1537 4194 1729 4263 philol.
1778 4194 1986 4247 XXVII
2041 4213 2092 4263 p.
2133 4194 2238 4247 240
2296 4195 2660 4264 ‘antiquam.’)

430 4282 545 4345 140,
589 4283 811 4336 13-15,
886 4284 965 4336 Ι)6
1002 4282 1287 4336 hominum
1325 4284 1692 4338 delectatione
1730 4283 1795 4337 cf.
1842 4284 1954 4349 159,
1995 4284 2149 4338 3—5.
2200 4284 2284 4350 20,
2329 4285 2549 4350 17—21‚
2596 4288 2654 4338 11

425 4370 570 4438 (cum
607 4372 815 4426 emend.
855 4371 1220 4427 Studemundi
1255 4373 1291 4425 l.
1331 4390 1374 4426 c.
1413 4391 1465 4441 p.
1504 4373 1597 4427 IX.
1639 4375 1780 4427 ‘cum
1815 4372 2106 4442 ignobili‘).
