3140 5014
1562 327 1648 391 52

474 527 848 607 tempestate
894 545 1241 606 paucarum
1290 523 1683 588 litterarum.'
1780 520 1880 583 Ita
1928 521 2099 584 locus
2147 520 2211 583 in
2259 520 2472 588 codice
2501 523 2723 585 exstat.

475 630 896 694 Offenderunt
971 632 1179 694 autem
1253 629 1520 693 editores
1595 629 1659 691 in
1727 627 1959 691 verbis:
2038 626 2306 691 multum
2387 628 2719 691 verborum

473 737 822 822 ingerebat.
919 735 1131 819 Atque
1179 734 1612 799 Buttmannus
1658 734 1955 797 coniecit:
2008 733 2354 797 multorum
2388 734 2724 798 verborum

475 842 818 927 indigebat,
897 843 995 906 cui
1063 864 1345 905 assensus
1410 846 1505 904 est
1560 840 1867 905 NaberuS.
1983 839 2192 903 Etiam
2258 839 2724 904 Klussmannus

475 951 521 1013 l.
547 971 594 1015 c.
627 972 687 1033 p.
724 951 807 1013 70
853 971 992 1013 cum
1044 971 1257 1013 vocem
1307 947 1677 1032 ‘ingerebat'
1728 968 1858 1012 non
1907 949 2074 1011 recte
2119 968 2184 1011 se
2234 946 2461 1011 habere
2508 947 2720 1011 existi-

474 1059 679 1119 maret
728 1056 1019 1118 ‘multum
1071 1055 1404 1119 verborum
1453 1055 1842 1138 imponebat'
1875 1053 2322 1139 corrigendum
2352 1075 2480 1117 esse
2505 1056 2720 1133 suasit,

475 1165 564 1227 At
609 1166 826 1228 nostra
874 1162 1125 1245 quidem
1195 1163 1496 1245 opinione
1558 1163 1626 1225 in
1692 1162 1838 1227 libri
1905 1163 2173 1225 lectione
2238 1162 2498 1226 omnino
2559 1161 2719 1225 nihil

375 1326 396 1346 ,
472 1269 847 1335 mutandum
898 1275 1009 1335 est.
1104 1269 1389 1333 Concedo
1436 1291 1588 1332 sane
1635 1269 1992 1353 elegantem
2024 1269 2496 1332 contentionem
2532 1267 2717 1331 Butt-

473 1378 689 1441 manni
738 1378 1096 1441 coniectura
1143 1378 1431 1440 effectam
1476 1392 1633 1440 esse:
1685 1376 2032 1438 multorum
2076 1375 2410 1439 verborum
2443 1411 2528 1419 —
2559 1397 2717 1458 pau-

472 1505 689 1548 carum
754 1484 1131 1548 litterarum.
1246 1483 1335 1547 At
1398 1484 1517 1546 nisi
1582 1482 1743 1545 aliae
1799 1502 2021 1546 causae
2068 1482 2438 1558 afferuntur,
2489 1482 2717 1565 quibus

472 1592 663 1655 verba
708 1594 998 1674 suspecta
1046 1591 1223 1668 fiant,
1273 1590 1498 1653 codicis
1546 1589 1881 1653 lectionem
1936 1587 2270 1652 violentius
2320 1611 2447 1652 non
2486 1589 2713 1652 immu-

474 1697 759 1761 taverim.
859 1696 1045 1762 Valet
1091 1698 1257 1761 enim
1307 1696 1497 1761 verba
1545 1697 1831 1780 ingerere
1877 1696 2043 1760 idem
2092 1696 2223 1759 fere
2270 1699 2462 1778 atque
2491 1696 2711 1760 dicere.

472 1804 681 1879 Quare
729 1804 849 1868 loci
895 1805 1210 1868 sententia
1257 1826 1328 1866 ea
1378 1806 1488 1881 est,
1556 1808 1630 1867 ut
1676 1803 1923 1867 Fronto
1974 1803 2160 1881 dicat,
2208 1825 2273 1866 se
2319 1807 2572 1886 praeter
2618 1803 2714 1866 di-

473 1912 757 1993 gitorum
807 1909 1303 1974 imbecillitatem
1355 1909 1436 1973 ob
1484 1932 1626 1973 eam
1673 1932 1804 1974 rem
1851 1932 1963 1974 sua
1991 1932 2184 1974 manu
2219 1910 2555 1974 rescribere
2585 1932 2712 1974 non

471 2017 766 2100 potuisse,
826 2017 992 2100 quod
1053 2016 1357 2100 prolixior
1419 2017 1691 2100 epistula
1756 2016 1961 2080 multa
2026 2016 2273 2081 dicebat
2317 2017 2357 2079 i.
2407 2039 2459 2080 e.
2510 2018 2713 2081 multa

470 2123 662 2187 verba
706 2123 1089 2188 continebat.
1205 2122 1510 2188 Similiter
1576 2123 1736 2187 dixit
1797 2124 1942 2188 Tac.
2009 2145 2157 2187 ann.
2209 2123 2321 2187 IV.
2381 2126 2487 2201 42,
2536 2126 2581 2188 4
2626 2123 2710 2190 Η.

475 2234 674 2295 ‘voces
721 2231 1058 2315 ingerere'3
1108 2229 1300 2315 Apul.
1348 2236 1497 2296 met.
1535 2231 1609 2298 V.
1642 2233 1682 2296 6
1732 2231 2044 2316 ‘ingerens
2092 2231 2279 2297 verba
2327 2232 2709 2295 mulcentia'.

470 2337 632 2403 Vide
680 2339 871 2402 etiam
917 2337 1200 2404 Hildebr.
1250 2338 1329 2402 ad
1379 2338 1441 2401 h.
1492 2340 1532 2401 l.
2663 2414 2668 2417 k

606 2444 685 2510 De
733 2444 948 2528 nepote
996 2445 1222 2510 amisso
1269 2443 1334 2511 2.
1382 2460 1436 2527 ρ.
1484 2443 1640 2532 233,
1689 2443 1761 2509 13
1808 2461 1901 2527 sq.
1951 2444 2195 2510 Fronto
2244 2449 2582 2530 postquam
2630 2446 2712 2511 ob

472 2559 770 2636 nepotem
815 2554 878 2616 in
930 2553 1271 2618 Germania
1317 2554 1697 2618 exstinctum
1747 2553 2025 2618 fatorum
2066 2555 2466 2637 iniquitatem
2497 2555 2712 2619 obiur-

470 2662 648 2747 gavit
691 2682 754 2725 se
798 2661 931 2744 ipse
978 2660 1311 2726 consolans
1359 2664 1421 2724 et
1467 2661 1646 2744 quasi
1695 2661 2018 2746 corrigens
2065 2661 2221 2725 haec
2257 2661 2501 2725 scribit:
2554 2660 2712 2726 ‘Nisi

470 2770 634 2832 forte
681 2766 841 2831 alius
888 2769 1147 2850 quidam
1194 2768 1298 2850 (de
1344 2768 1752 2833 emendandis
1800 2767 1896 2830 his
1953 2767 2153 2832 verbis
2209 2767 2289 2832 cf.
2340 2767 2712 2833 Ehrenthal.

469 2875 509 2938 l.
561 2896 611 2939 c.
664 2897 723 2957 p.
774 2874 888 2957 28)
944 2896 1059 2938 nos
1123 2896 1299 2938 error
1360 2876 1554 2938 iactat
1620 2878 1684 2938 et
1746 2874 1955 2959 ignari
2021 2897 2250 2954 rerum,
2317 2896 2479 2958 quae
2543 2876 2713 2939 mala

468 2986 637 3059 sunt,
686 2982 864 3063 quasi
912 3003 1216 3065 prospera
1263 2981 1784 3064 concupiscimus»,
1847 2985 2072 3045 contra
2117 3004 2280 3064 quae
2326 2982 2493 3046 bona
2538 2986 2709 3061 sunt,

470 3110 585 3172 pro
632 3088 908 3151 adversis
954 3109 1316 3153 aversamur
1370 3092 1435 3153 et
1480 3110 1647 3152 mors
1698 3138 1710 3153 .
1764 3137 1776 3152 .
1832 3139 1844 3153 .
1899 3137 1934 3168 .,
2000 3111 2160 3172 quae
2223 3089 2513 3153 omnibus
2575 3088 2711 3153 luc-

468 3200 652 3258 tuosa
699 3195 966 3272 videtur,
1036 3217 1295 3279 pausam
1364 3195 1650 3259 laborum
1710 3195 1918 3260 adfert
1981 3200 2045 3259 et
2103 3195 2595 3261 sollicitudinum
2646 3199 2713 3259 et

467 3302 901 3366 calamitatum
951 3302 1440 3384 miserrimisque
1487 3302 1764 3385 corporis
1798 3302 2063 3371 vinculis
2092 3303 2392 3366 liberatos
2421 3303 2501 3367 ad
2527 3307 2710 3366 tran-

468 3409 666 3491 quilla
715 3431 829 3471 nos
876 3411 940 3472 et
985 3432 1250 3473 amoena
1296 3412 1360 3473 et
1407 3409 1698 3472 omnibus
1745 3409 1923 3473 bonis
1962 3408 2198 3473 referta
2227 3411 2710 3492 animarumque

467 3514 883 3579 conciliabula
929 3515 1245 3582 travehit'.
1340 3515 1595 3579 Lacuna
1641 3516 1707 3578 in
1758 3516 1959 3580 verbis
2008 3515 2335 3600 descriptis
2382 3520 2475 3580 est
2519 3523 2708 3600 quat-

466 3628 615 3686 tuor
663 3623 1040 3687 litterarum.
1135 3623 1272 3698 Qua
1320 3622 1396 3686 de
1441 3645 1647 3700 causa,
1714 3623 1882 3705 quod
1930 3622 2010 3687 ad
2056 3623 2329 3706 spatium
2379 3622 2709 3687 oblittera-

465 3736 603 3793 tum
669 3730 922 3808 attinet,
999 3731 1184 3794 inseri
1251 3734 1458 3813 potest
1532 3752 1882 3813 pronomen
1957 3730 2141 3813 ipsa.
2256 3730 2426 3793 Idem
2492 3735 2707 3795 autem

465 3836 979 3918 supplementum
1027 3837 1217 3901 etiam
1273 3837 1587 3900 sententia
1654 3837 1772 3901 loci
1838 3836 2333 3901 commendatur.
2448 3836 2707 3901 Deside-

466 3947 645 4006 ratur
686 3944 853 4007 enim
884 3949 1026 4026 post
1054 3965 1266 4008 vocem
1319 3944 1524 4007 ‘mors'
1575 3945 1836 4008 verbum
1882 3945 2135 4028 aliquod
2182 3945 2522 4009 Frontonis
2566 3966 2708 4008 sen—

463 4051 729 4113 tentiam
778 4051 1162 4115 confirmans
1206 4051 1442 4115 scilicet
1488 4053 1586 4115 vel
1634 4055 1903 4115 mortem
1952 4053 2170 4135 ipsam,
2220 4051 2296 4115 de
2335 4074 2462 4135 qua
2498 4069 2706 4115 sermo

465 4156 565 4234 sit,
616 4179 901 4240 quaeque
947 4179 1257 4222 summum
1310 4160 1549 4223 malum
1598 4158 1925 4237 habeatur,
1976 4161 2211 4223 malum
2263 4182 2390 4223 non
2438 4180 2585 4223 esse.
2611 4156 2661 4240 ¹)

616 4298 655 4364 ¹)
691 4297 939 4351 Eandem
976 4299 1081 4353 loci
1117 4300 1404 4365 medelam,
1444 4303 1507 4353 ut
1544 4303 1736 4369 postea
1782 4300 2036 4368 comperi,
2084 4300 2368 4369 proposuit
2404 4301 2705 4355 Eussnerus

462 4386 525 4439 in
560 4386 824 4442 Fleckeis.
863 4388 1048 4442 annal.
1089 4388 1222 4442 CXI.
1249 4405 1314 4457 p.
1355 4389 1473 4442 766.
