3140 5014
1586 301 1671 366 28

504 478 843 581 praecipue
894 520 967 562 ea
1016 519 1162 580 pars
1228 496 1554 576 orationiS,
1622 519 1749 579 qua
1815 496 1891 560 de
1957 497 2089 562 vita
2146 499 2287 562 acta
2335 496 2523 562 verba
2578 497 2754 576 fiant,

524 627 714 688 quam
763 604 980 669 rhetor
1026 640 1111 650 —
1161 604 1318 669 bene
1382 603 1676 669 attendas
1740 625 1973 687 quaeso
2040 640 2124 649 —-
2192 626 2332 668 cum
2398 626 2511 669 sua
2564 605 2757 688 ipsius

522 713 811 777 oratione
885 713 1240 796 comparari
1314 711 1472 790 vult,
1549 733 1938 795 quamquam
2002 712 2147 776 ilico
2211 712 2487 777 modeste
2550 712 2752 776 addit:

520 822 671 883 ‘non
718 822 792 882 ut
838 840 955 902 par
1019 819 1159 902 pari
1223 840 1566 902 compareS,
1633 818 1740 900 sed
1805 821 1880 882 ut
1933 819 2219 883 aestimes
2283 821 2564 883 nostrum
2625 840 2755 882 me-

525 925 732 990 diocre
786 925 1114 1010 ingenium
1172 928 1484 1009 quantum
1546 925 1625 990 ab
1680 925 1792 989 illo
1850 926 2113 991 eximiae
2178 927 2575 1008 eloquentiae
2619 926 2752 991 viro

512 1032 781 1097 abfuat.'
830 1033 911 1099 cf.
960 1056 1022 1117 p.
1076 1035 1222 1112 184,
1273 1034 1313 1098 2
1358 1055 1452 1116 sq.

642 1156 1260 1223 'praestantissimam
1308 1180 1455 1222 vero
1504 1158 1787 1222 omnium
1838 1179 1966 1223 esse
2025 1158 2344 1222 existimat
2400 1158 2751 1223 orationem

505 1264 580 1328 de
627 1264 892 1348 imperio
941 1263 1050 1329 Cn.
1099 1263 1378 1348 Pompei,
1428 1266 1497 1329 in
1544 1287 1672 1349 qua
1712 1263 2076 1330 Ciceronem
2122 1265 2567 1330 facundissime
2615 1288 2749 1329 om-

438 1357 446 1367 ’
503 1372 682 1435 nium
703 1375 766 1436 et
786 1372 1230 1436 Romanorum
1262 1377 1326 1437 et
1349 1372 1736 1437 Graecorum
1767 1376 2100 1437 oratorum
2124 1372 2469 1437 laudatoris
2491 1393 2749 1435 munere

504 1479 797 1543 functum
843 1499 970 1544 esse
1017 1480 1126 1557 ait,
1175 1483 1250 1543 ut
1293 1472 1414 1563 ip‘si
1462 1479 1720 1563 quidem
1765 1478 2103 1562 Pompeius
2148 1480 2275 1542 iam
2324 1479 2528 1562 magis
2575 1478 2747 1543 CIce-

502 1587 678 1649 ronis
727 1586 1039 1665 laudibuS,
1090 1608 1282 1670 quam
1319 1587 1448 1651 suis
1497 1586 1738 1651 meritis
1770 1585 2058 1652 videatur
2097 1587 2475 1671 cognomine
2524 1586 2746 1672 Magni

503 1699 863 1759 exornatus
932 1694 1012 1758 cf.
1061 1717 1124 1778 p.
1176 1695 1324 1772 221,
1379 1696 1703 1773 19—222‚
1754 1696 1814 1759 2.

633 1818 724 1883 At
769 1819 1168 1901 antiquarius
1215 1805 1402 1904 aegre
1438 1819 1595 1905 fert,
1646 1825 1719 1884 ut
1764 1841 1957 1902 supra
1985 1811 2276 1897 diximuS,
2327 1819 2495 1903 quod
2530 1818 2742 1883 Cicero

501 1925 566 1988 in
619 1925 808 1988 verba
859 1925 1218 2008 ‘insperata'
1269 1930 1517 2009 praeter
1564 1926 1925 1990 auditorum
1973 1926 2334 2009 opinionem
2380 1949 2457 1991 ex
2486 1926 2744 1990 vetustis

506 2033 867 2097 auctoribus
932 2033 1239 2096 elicienda
1303 2055 1532 2116 parum
1597 2034 1697 2096 vel
1772 2033 1984 2116 potius
2049 2032 2211 2097 nihil
2284 2033 2519 2097 laboris
2592 2055 2741 2098 con-

500 2140 858 2223 sumpserit.
875 2139 925 2222 ¹)
1018 2138 1173 2203 Cum
1223 2140 1393 2204 hunc
1439 2140 1731 2205 dictionis
1768 2140 2169 2224 splendorem
2197 2145 2261 2205 et
2288 2141 2743 2225 praestantiam

500 2270 662 2330 quae
693 2247 909 2327 ‚credit
955 2247 1023 2310 in
1071 2248 1356 2330 epistulis
1413 2246 1730 2311 Ciceronis
1792 2249 2001 2312 minus
2063 2247 2372 2312 desideret
2436 2271 2628 2332 quam
2671 2250 2740 2312 in

500 2354 720 2418 ceteris
767 2354 897 2417 eius
953 2354 1220 2437 scriptiS,
1283 2376 1385 2419 eas
1439 2355 1694 2439 quidem
1742 2391 1829 2400 --
1876 2354 2047 2438 quod
2116 2355 2359 2419 mireris
2412 2392 2480 2401 —
2541 2356 2737 2419 diser-

506 2460 779 2553 tissimas
826 2460 1000 2526 ducit
1047 2466 1239 2545 atque
1286 2461 1572 2526 omnium
1611 2461 1884 2527 maxime
1923 2461 2221 2548 legendas
2258 2463 2531 2527 alumnis
2578 2485 2747 2529 com-

505 2567 847 2649 mendat.2)
940 2550 1178 2645 Quibus
1226 2591 1351 2653 quo
1410 2570 1713 2634 maiorem
1777 2591 1962 2633 usum
2023 2570 2428 2653 praeberent,
2485 2571 2744 2657 cognitu

500 2674 841 2739 utilissima
889 2697 965 2739 ex
1012 2675 1098 2738 eis
1146 2675 1474 2758 excerpsit.
1490 2674 1540 2759 3)

640 2818 841 2883 Marci
890 2841 1039 2882 vero
1088 2818 1402 2902 Ciceronis
1430 2820 1848 2903 epistularum
1874 2821 2155 2885 studium
2188 2814 2503 2905 quantum
2532 2822 2741 2899 fuerit,

506 2948 581 2990 ex
629 2925 871 2989 duobus
916 2924 1070 2989 locis
1116 2926 1520 3011 intelligitur,
1572 2948 1843 3009 quorum
1890 2928 2100 3010 priore
2148 2928 2420 3011 epistula
2468 2929 2743 3012 quadam

501 3032 819 3096 Ciceronis
869 3032 1166 3097 ‘mirifice’
1217 3032 1512 3097 affectum
1559 3055 1625 3097 se
1672 3033 1781 3110 ait,
1842 3035 2043 3098 altero
2104 3040 2318 3099 autem
2377 3035 2456 3099 ad
2504 3036 2741 3120 epistu-

504 3140 713 3204 larum
758 3140 1091 3205 lectionem
1139 3140 1598 3205 instituendam
1655 3140 1997 3206 Frontonis
2054 3142 2389 3207 consilium
2439 3143 2737 3227 deposcit.

643 3352 683 3421 1)
722 3354 789 3407 cf.
829 3373 881 3423 p.
925 3354 1009 3419 63,
1051 3355 1190 3408 5-9
1232 3355 1454 3409 ‘Verum
1498 3355 1546 3408 is
1585 3355 1726 3408 mihi
1770 3353 1992 3410 videtur
2048 3374 2081 3410 a
2136 3355 2462 3425 quaerendis
2516 3372 2734 3421 scrupu-

494 3444 661 3497 losius
698 3429 885 3498 verbis·
916 3444 1105 3513 procul
1144 3443 1346 3498 afuisse
1382 3445 1472 3498 vel
1508 3445 1898 3514 magnitudine
1936 3445 2125 3510 animi,
2182 3445 2270 3498 vel
2326 3444 2463 3512 fuga
2515 3442 2733 3508 laboriS,

493 3533 581 3587 vel
617 3533 832 3598 fiducia,
870 3551 981 3587 non
1018 3533 1308 3601 quaerenti
1347 3533 1519 3588 etiam
1556 3534 1678 3599 sibi,
1719 3552 1862 3602 quae
1897 3534 1991 3589 vix
2029 3533 2153 3588 aliis
2191 3531 2582 3600 quaerentibus
2611 3533 2732 3587 sub-

491 3622 762 3688 venirent,
800 3625 1020 3692 praesto
1059 3622 1354 3676 adfutura.‘
1429 3623 1684 3677 Alterum
1730 3624 1911 3678 locum
1965 3624 2073 3676 huc
2126 3621 2498 3690 pertinentem
2535 3622 2606 3692 (p.
2647 3623 2731 3688 63,

496 3712 728 3779 13—21)
764 3711 880 3766 iam
917 3729 1083 3780 supra
1120 3710 1413 3765 citavimus
1450 3730 1502 3781 p.
1542 3713 1576 3765 4
1615 3712 1738 3766 adn.
1781 3714 1829 3766 2.

639 3817 679 3877 ²)
718 3820 783 3873 cf.
824 3837 876 3887 p.
921 3819 1038 3884 107,
1081 3819 1310 3887 15—17)
1351 3818 1567 3873 ‘Omnes
1608 3822 1796 3873 autem
1834 3819 2108 3874 Ciceronis
2157 3819 2423 3890 epistulas
2470 3820 2731 3890 legendas

493 3926 698 3972 cense0,
738 3925 863 3962 mea
901 3907 1178 3962 sententia
1212 3908 1301 3961 vel
1338 3908 1518 3979 magis
1556 3927 1726 3977 quam
1764 3926 1949 3963 omnes
1988 3909 2104 3964 eius
2133 3909 2424 3964 orationes.
2463 3909 2729 3979 Epistulis

491 3997 763 4052 Ciceronis
801 3997 944 4050 nihil
982 4000 1065 4051 est
1101 3996 1430 4066 perfectius.'

637 4103 677 4172 ³)
717 4104 781 4158 cf.
827 4123 878 4173 p.
923 4106 1039 4170 107,
1081 4105 1254 4158 8-11
1299 4105 1545 4160 ‘Memini
1582 4124 1671 4160 me
1710 4106 2035 4176 excerpsisse
2074 4124 2141 4161 ex
2170 4106 2441 4162 Ciceronis
2478 4105 2728 4175 epistulis

489 4212 555 4249 ea
592 4194 900 4259 dumtaxat,
948 4194 1146 4262 quibus
1192 4194 1395 4249 inesset
1443 4195 1636 4263 aliqua
1681 4196 1747 4250 de
1796 4196 2114 4264 eloquentia
2150 4196 2239 4250 vel
2277 4196 2342 4250 de
2378 4194 2728 4264 philosophia

488 4284 577 4338 vel
614 4283 679 4338 de
725 4301 837 4352 rep.
887 4283 1215 4351 disputatio:
1272 4288 1558 4353 praeterea
1603 4284 1787 4353 siquid
1842 4285 2087 4355 eleganti
2135 4288 2235 4339 aut
2279 4285 2444 4339 verbo
2489 4283 2726 4338 notabili

489 4374 700 4429 dictum
735 4372 1029 4440 videretur,
1069 4373 1344 4443 excerpsi)
