3140 5014
1437 1298 1937 1400 Appendix.

853 1603 1237 1666 Excursus
1296 1602 1380 1667 de
1440 1603 1886 1687 synonymis
1947 1603 2511 1671 Frontonianis.

702 1762 1034 1818 Frontonem
1069 1763 1386 1832 synonymis
1423 1763 1765 1832 inquirendis
1800 1765 2043 1819 multum
2079 1782 2275 1834 operae
2311 1764 2584 1833 tribuisse,
2636 1767 2799 1822 docu-

561 1854 748 1905 mento
783 1854 914 1906 sunt
950 1851 1010 1906 hi
1046 1852 1179 1906 loci:

702 1941 834 2010 Pag.
879 1941 994 2006 151,
1035 1942 1065 1994 1
1104 1959 1220 2010 sqq.
1279 1942 1438 1995 ‘Tum
1473 1941 1519 1995 si
1556 1943 1777 2011 quando
1812 1941 1919 1997 tibi
1954 1942 2194 2013 negotiis
2230 1943 2481 1999 districto
2517 1945 2801 2014 perpetuis

559 2029 823 2084 orationis
843 2030 1265 2086 conscribundae
1292 2034 1510 2101 tempus
1538 2030 1764 2098 deesset,
1785 2049 1966 2086 nonne
1993 2034 2051 2087 te
2077 2032 2439 2088 tumultuaris
2466 2033 2800 2103 quibusdam

559 2121 616 2173 et
652 2119 935 2173 lucrativis
972 2120 1278 2175 studiorum
1322 2120 1536 2175 solaciis
1582 2119 1864 2186 fulciebas,
1912 2122 2304 2191 synonymis
2350 2123 2797 2193 colligendis,

557 2207 736 2262 verbis
781 2208 1061 2263 interdum
1105 2209 1479 2279 singularibus
1526 2209 1904 2278 requirendis?
1958 2214 2022 2266 ut
2075 2214 2326 2266 veterum
2385 2214 2674 2278 commata,
2735 2215 2802 2268 ut

558 2298 707 2352 cola
743 2316 1260 2368 synonymorum
1297 2299 1511 2354 ratione
1548 2301 1923 2354 converteres’.

700 2387 833 2456 Pag.
876 2389 994 2453 154,
1035 2389 1066 2441 7
1104 2407 1221 2457 sqq.
1264 2389 1508 2444 ‘Securus
1543 2389 1674 2443 inde
1711 2390 1891 2454 abeas,
1931 2389 2019 2444 cui
2055 2389 2200 2444 nihil
2237 2408 2336 2460 per
2369 2394 2589 2446 noctem
2625 2392 2797 2446 medi-

556 2477 790 2531 tandum
825 2480 925 2533 aut
961 2478 1408 2533 conscribendum
1465 2507 1531 2518 -
1588 2477 1770 2547 null[a
1805 2479 2115 2549 verborum]
2173 2479 2478 2551 indagatio,
2533 2480 2799 2538 nullius

557 2568 910 2637 synonymi
948 2570 1267 2624 ornatus.'

809 2675 853 2728 1.
905 2676 1369 2732 Substantiva.

555 2784 723 2850 caput
759 2784 928 2850 atque
963 2783 1084 2837 fons
1122 2783 1401 2851 (romanae
1432 2785 1619 2840 facun-

662 2870 806 2939 diae)
845 2890 896 2941 p.
937 2872 1022 2937 63,
1064 2873 1097 2926 2
1134 2874 1191 2926 Ε.

554 2961 738 3015 labore
775 2962 944 3028 atque
981 2961 1206 3031 negotio
1243 2963 1327 3028 51,
1368 2963 1400 3015 2
1436 2962 1494 3016 Ε.

552 3049 834 3105 molestias
890 3053 1059 3119 atque
1122 3050 1477 3107 difficultates
1531 3051 1619 3116 45,

659 3140 728 3194 23
765 3142 824 3195 et
859 3139 928 3193 24
964 3140 1023 3193 F.

554 3228 768 3298 aliquid
793 3228 1081 3284 molestiae
1111 3232 1280 3297 atque
1316 3228 1494 3284 oneris
1533 3229 1618 3294 51,

657 3318 726 3371 20
762 3317 819 3371 Ε.

553 3407 619 3461 de
652 3434 714 3443 —
742 3424 892 3461 more
923 3434 984 3445 --
1016 3409 1185 3476 atque
1231 3406 1492 3461 instituto
1529 3406 1617 3461 de-

658 3496 985 3550 ducerentur
1025 3496 1141 3560 114,
1182 3496 1249 3550 16
1286 3496 1343 3549 F.

550 3584 702 3653 optio
740 3587 909 3652 atque
944 3584 1139 3639 electio
1182 3586 1294 3650 143,
1336 3585 1473 3639 6-7
1512 3586 1568 3638 F.

551 3674 658 3728 oris
696 3677 864 3740 atque
902 3672 1166 3728 orationis
1213 3672 1436 3742 (cultus)
1497 3676 1614 3740 136,

662 3765 722 3816 ll
763 3764 821 3816 F.

550 3854 769 3921 praeter
804 3868 959 3921 spem
994 3854 1163 3921 atque
1191 3852 1506 3921 opinionem
1529 3854 1615 3920 63,
1656 3911 1661 3916 ,

658 3940 724 3993 18
762 3939 820 3993 Ε.

549 4099 714 4155 amici
750 4118 816 4154 ac
851 4098 1152 4155 familiares
1195 4102 1309 4168 164,
1354 4103 1417 4157 15
1455 4103 1513 4157 F.

549 4189 752 4244 amicos
780 4207 846 4244 ac
873 4191 1166 4245 sectatores
1195 4191 1279 4258 58,
1315 4192 1520 4248 19-20
1543 4193 1613 4258 Ε;

655 4280 739 4345 59,
780 4279 813 4332 4
849 4279 907 4333 F.

548 4368 680 4423 fides
717 4386 783 4424 ac
817 4367 1015 4440 religio
1051 4369 1136 4436 86,
1175 4370 1242 4424 27
1281 4371 1354 4426 Μ.

1727 2675 1850 2731 finis
1888 2695 1953 2732 ac
1988 2677 2180 2732 modus
2219 2679 2337 2743 196,
2377 2678 2589 2732 21-22
2625 2679 2682 2732 F.

1727 2768 1941 2820 metum
1978 2784 2043 2822 ac
2069 2765 2499 2830 sollicitudinem
2538 2769 2621 2833 73,
2643 2769 2712 2823 20
2733 2769 2795 2822 F.

1729 2854 2039 2923 potentiam
2076 2872 2141 2910 ac
2175 2858 2512 2925 potestatem
2570 2858 2686 2922 150,

1837 2943 2049 2999 22-23
2086 2943 2144 2997 F.

1728 3030 1912 3086 studio
1949 3050 2013 3087 ac
2048 3033 2234 3088 labore
2274 3034 2391 3101 114,
2430 3035 2499 3090 23
2535 3035 2593 3089 Ε.

1728 3138 1826 3190 per
1859 3149 1917 3158 —
1949 3121 2067 3176 vias
2104 3140 2170 3178 ac
2205 3122 2429 3179 semitas
2466 3124 2551 3189 47,
2590 3125 2624 3179 4
2660 3125 2718 3179 Ε.

1728 3298 1970 3353 ambitus
2008 3329 2073 3339 —
2111 3303 2171 3357 et
2221 3300 2624 3357 circumitiones
2674 3303 2791 3369 161,

1838 3389 1897 3442 11
1940 3389 1997 3443 Ε.

1724 3478 2205 3533 bellicae—laudis
2224 3481 2283 3533 et
2301 3480 2519 3535 adoriae
2533 3480 2647 3546 120,
2663 3481 2790 3536 18Ε.

1725 3567 1927 3622 caritas
1965 3570 2023 3622 et
2061 3586 2213 3623 amor
2254 3568 2369 3634 134,
2409 3570 2584 3624 9-10
2622 3570 2681 3623 Ε.

1724 3656 2148 3711 communicatio
2177 3660 2234 3712 et
2262 3658 2492 3713 societas
2531 3659 2650 3724 175,
2671 3660 2707 3713 8
2728 3660 2787 3714 Ε.

1723 3745 2020 3817 diligentia
2055 3749 2112 3802 et
2148 3747 2330 3802 studio
2369 3748 2491 3815 216,
2530 3749 2563 3802 2
2599 3748 2657 3802 Ε.

1721 3834 1798 3890 fel
1835 3837 1892 3889 et
1927 3834 2097 3890 bilem
2133 3835 2357 3905 sapiant
2391 3838 2476 3903 43,
2521 3839 2548 3892 1
2587 3838 2644 3892 F.

1722 3923 1941 3979 fraudes
1995 3927 2052 3979 et
2107 3926 2387 3995 captiones
2444 3929 2501 3982 et
2555 3926 2789 3982 insidiae

1829 4014 1951 4080 215,
1989 4014 2129 4069 4-5
2167 4013 2225 4068 Ε.

1721 4104 2069 4158 honestatem
2109 4132 2173 4141 —
2211 4106 2269 4158 et
2295 4103 2629 4173 probitatem
2672 4105 2786 4170 170,

1831 4193 1900 4247 23
1935 4191 1993 4246 Ε.
2162 4206 2172 4215 ·

1722 4280 1854 4336 ludo
1891 4282 1948 4335 et
1984 4280 2102 4336 ioco
2138 4281 2259 4347 224,
2298 4282 2332 4337 3
2369 4282 2426 4336 F.

1722 4370 1849 4426 lites
1886 4372 1943 4424 et
1978 4370 2164 4440 iurgia
2204 4372 2319 4438 181,
2362 4372 2427 4425 17
2465 4371 2523 4425 Ε.
