3140 5014
1448 334 1532 400 41

373 529 568 614 probe
613 530 975 614 petentibus
1019 530 1390 616 suffragium
1456 554 1666 597 meum
1732 532 2059 616 impertio:
2127 533 2203 597 iis
2269 554 2435 611 vem,
2502 534 2610 616 qui

374 660 598 722 parum
645 638 842 721 probe
888 637 1040 720 quid
1088 661 1125 702 a
1170 641 1235 703 te
1282 639 1693 722 impetratum
1743 640 1959 718 velint,
2009 640 2142 723 ipse
2189 639 2406 719 (codex
2445 691 2458 706 .
2499 693 2513 707 .
2548 662 2613 705 se

373 766 530 810 corr.
598 744 1059 809 Klussmannus
1124 746 1164 809 l.
1232 768 1281 810 c.
1348 770 1407 830 p.
1475 745 1589 829 68)
1656 746 1929 832 denego:
1999 750 2075 811 ut
2137 771 2174 811 a
2238 770 2338 811 me
2403 748 2614 832 potius

371 852 444 915 ill
482 901 497 918 .
539 902 555 919 .
596 899 610 914 .
650 853 850 917 eretul
890 902 904 917 .
944 901 959 916 .
1009 876 1073 916 m
1120 851 1503 918 Baburiana‘
1553 876 1587 918 c
1634 904 1649 918 .
1696 905 1709 920 .
1758 877 1807 921 e.
1854 877 1914 937 q.
1963 876 2010 920 s.
2113 854 2313 919 Locus
2360 860 2454 919 est
2500 854 2614 919 ad-

372 958 630 1024 modum
677 958 962 1037 mutilus;
1020 963 1303 1025 attamen
1351 960 1719 1026 crediderim
1768 962 1981 1046 aliqua
2029 985 2102 1026 ex
2150 966 2351 1047 parte,
2409 985 2613 1045 quan-

370 1066 777 1149 tulacumque
806 1070 916 1147 est,
949 1067 1255 1132 medelam
1295 1068 1350 1132 ei
1381 1067 1666 1132 adhiberi
1698 1091 1893 1152 posse.
1989 1068 2148 1133 Cum
2193 1070 2362 1134 enim
2408 1092 2613 1135 sermo

371 1174 451 1237 sit
498 1172 573 1237 de
629 1174 945 1259 suffragio·
990 1173 1382 1259 denegand0‚
1452 1175 1518 1238 in
1586 1177 1978 1259 corruptela:
2046 1175 2248 1241 retul
2295 1229 2308 1243 .
2360 1225 2373 1240 .
2425 1199 2489 1240 m
2537 1176 2615 1258 (si

371 1281 648 1363 spatium
695 1283 863 1345 recte
908 1280 1257 1345 indicatum
1304 1281 1424 1365 est)
1473 1282 1779 1346 facillimo
1814 1284 2071 1367 negotio
2102 1284 2333 1368 corrigi
2372 1287 2613 1367 potest:

374 1387 779 1471 repulsam,
836 1387 1003 1470 quod
1051 1385 1458 1468 NiebuhriuS,
1507 1389 1942 1454 meritissimus
1989 1390 2096 1454 ille
2162 1389 2243 1455 de
2289 1389 2615 1456 Frontone

373 1494 643 1572 criticu8‚
693 1494 1036 1558 divinando
1084 1499 1402 1561 assecutus
1447 1501 1542 1560 est
1588 1497 1667 1561 cf.
1698 1496 1845 1560 edit.
1877 1495 2088 1563 Berol.
2119 1520 2182 1581 p.
2216 1498 2345 1564 216
2376 1497 2523 1564 adn.
2560 1500 2614 1564 1.

373 1602 511 1678 Qua
556 1601 996 1667 emendatione
1042 1604 1197 1669 haec
1228 1604 1358 1668 fere
1385 1605 1702 1668 senten-tia
1731 1605 2041 1670 exoritur:
2089 1606 2198 1690 qui
2231 1628 2379 1670 vero
2407 1606 2617 1670 minus

373 1710 621 1775 honesti
667 1710 907 1792 aliquid
955 1733 1068 1793 per
1113 1734 1212 1775 me
1258 1733 1296 1774 a
1341 1714 1404 1774 te
1451 1712 1739 1795 cupiunt,
1789 1712 1875 1776 eis
1922 1712 2046 1776 iam
2096 1734 2214 1798 ego
2262 1713 2492 1791 abnuo,
2543 1715 2617 1777 ut

374 1840 412 1881 a
459 1839 559 1880 me
605 1817 817 1900 potius
862 1817 955 1881 illi
1022 1840 1214 1900 quam
1261 1842 1299 1882 a
1345 1822 1409 1883 te
1456 1820 1739 1884 referant
1802 1820 2139 1903 repulsam.
2252 1819 2618 1885 Baburiana

374 1927 598 1990 contra
661 1925 823 1989 nihil
880 1925 1155 2009 improbi
1202 1927 1380 2009 petit.
1493 1927 1630 1991 Iam
1692 1933 2048 2011 sequuntur
2103 1928 2169 1991 in
2218 1928 2435 1993 eadem
2485 1929 2616 2015 epi-

372 2033 539 2096 stula
568 2037 712 2115 post
749 2032 1088 2096 nonnullas
1133 2032 1391 2097 lacunas
1436 2034 1595 2099 haec
1642 2038 1730 2118 (p.
1787 2035 1932 2113 199,
1983 2037 2023 2101 9
2053 2038 2168 2120 sq.)
2219 2037 2414 2100 ‘caros
2461 2035 2615 2099 mihi

333 2152 337 2155 “
374 2140 541 2203 viros
588 2143 651 2204 et
696 2161 929 2224 magno
978 2161 1163 2222 opere
1228 2140 1302 2202 iis
1349 2140 1606 2222 obsequi
1664 2140 1933 2224 cupiam.
2041 2141 2202 2207 Item
2267 2146 2481 2207 tamen
2546 2145 2620 2206 ut

374 2299 387 2313 .
438 2300 450 2314 .
497 2245 859 2311 mamihia
909 2299 921 2312 .
969 2246 1292 2330 potissima
1346 2247 1430 2310 sit
1474 2248 1751 2312 iustitiae
1813 2251 1962 2312 tuae
2009 2250 2215 2313 rati0.'
2328 2248 2620 2333 Apparet

374 2353 762 2418 Frontonem
831 2353 929 2417 his
975 2353 1180 2418 verbis
1245 2354 1576 2436 explicare,
1641 2358 1954 2437 quatenus
2020 2354 2380 2419 hominibus
2446 2356 2618 2420 Arrii

376 2460 685 2526 Antonini
731 2462 1007 2548 gratiam
1055 2462 1416 2545 petentibus
1480 2462 1739 2546 obsequi
1804 2463 1975 2530 velit.
2086 2463 2311 2547 Itaque
2377 2486 2414 2528 a
2476 2485 2618 2528 sen-

375 2569 579 2631 tentia
626 2591 752 2644 non
802 2568 1167 2634 abhorrebit
1213 2571 1421 2634 locum
1469 2570 1556 2634 sic
1612 2569 1973 2635 emendare:
2042 2574 2104 2636 et
2150 2593 2383 2657 magno
2430 2594 2620 2655 opere

377 2675 452 2738 iis
481 2674 738 2759 obsequi
767 2676 1050 2758 cupiam3
1099 2676 1190 2742 ita
1236 2681 1469 2755 tamen,
1522 2681 1595 2742 ut
1641 2678 1884 2761 prima
1930 2678 2114 2741 mihi
2164 2701 2245 2742 ac
2290 2679 2618 2761 potissima

376 2782 460 2845 sit
506 2804 557 2848 e.
608 2805 668 2866 q.
715 2804 762 2846 s,
873 2782 1138 2847 Dicendi
1197 2783 1472 2849 formula
1521 2784 1633 2847 ‘ita
1695 2787 1910 2849 tamen
1961 2785 2049 2849 ut‘
2099 2785 2334 2868 legitur
2398 2809 2460 2869 p.
2515 2787 2616 2863 79,

379 2891 420 2954 2
449 2888 644 2965 Nab.;
676 2889 985 2955 adiectiva
1024 2891 1303 2974 ‘primus'
1352 2897 1416 2956 et
1464 2892 1861 2976 ‘potissimus'
1910 2893 2386 2978 coniunguntur
2421 2917 2480 2977 p.
2511 2894 2616 2971 52,
2649 2906 2655 2912 “

385 2999 461 3061 17
513 2996 582 3062 F.
631 2996 798 3063 ‘huic
843 2998 1013 3062 enim
1058 3000 1266 3082 primo
1315 3022 1389 3063 ac
1443 3001 1769 3083 potissimo
1834 3001 2268 3065 testimonium
2334 3004 2493 3084 aput
2555 3005 2620 3065 te

379 3102 793 3169 denunciavi.‘
887 3105 965 3169 cf.
1016 3129 1077 3189 p.
1129 3107 1233 3184 92,
1287 3109 1321 3171 7
1371 3105 1457 3172 M.
1506 3108 1804 3191 ‘primum
1850 3112 1915 3172 et
1961 3107 2408 3190 praecipuum.'

513 3209 593 3273 Ad
642 3210 715 3274 Μ.
764 3209 939 3275 Caes,
987 3211 1025 3275 Ι.
1078 3212 1134 3276 1.
1202 3228 1255 3292 ρ.
1306 3211 1367 3293 3,
1419 3213 1456 3277 7
1522 3214 1679 3278 haec
1742 3217 2024 3279 exstant:
2095 3213 2304 3292 ‘Vale‚
2372 3213 2618 3292 Caesar,

381 3322 454 3382 et
499 3317 656 3381 ride
703 3321 767 3382 et
812 3340 1063 3382 omnem
1120 3320 1314 3383 vitam
1378 3318 1616 3413 laetare
1677 3323 1741 3385 et
1803 3320 2173 3404 parentibus
2237 3321 2493 3405 optimis
2559 3326 2623 3386 et

242 3502 257 3520 ·
381 3426 609 3490 eximio
674 3426 932 3510 ingenio
989 3429 1101 3490 tuo
1159 3426 1405 3493 fruere.‘
1516 3427 1699 3505 Quod
1762 3427 2002 3493 Fronto
2069 3428 2355 3493 Marcum
2419 3427 2621 3493 ridere

382 3533 573 3610 iubet,
640 3534 699 3597 id
749 3535 855 3597 vix
904 3534 1237 3619 quisquam
1286 3534 1612 3621 probabit3
1679 3535 2009 3600 dubitatur
2053 3538 2309 3600 tantum
2375 3536 2451 3600 de
2501 3536 2622 3599 loci

380 3637 649 3703 sanandi
693 3640 955 3706 ratione.
1051 3640 1265 3724 Atque
1310 3641 1776 3706 Klussmannus
1822 3643 2072 3726 quidem
2130 3642 2357 3707 vitium
2401 3643 2623 3707 tollere

363 3749 652 3809 'conatus
703 3749 787 3810 ‘et
833 3746 983 3809 ride'
1034 3749 1308 3812 mutavit
1353 3748 1417 3811 in
1470 3749 1744 3831 ‘optime'
1793 3752 1983 3827 recto,
2033 3753 2107 3813 ut
2151 3752 2327 3832 puto,
2392 3748 2623 3812 iudicio

384 3874 548 3930 ηεαδ,
596 3852 702 3915 sed
750 3853 942 3936 paulo
990 3854 1241 3939 longius
1272 3877 1309 3918 a
1347 3855 1559 3919 codice
1591 3856 1907 3920 aberrans,
1953 3855 2033 3923 cf.
2066 3855 2367 3920 FleckeiS.
2406 3856 2618 3918 annal.

389 3962 514 4025 109
589 3958 819 4042 (1874)
894 3984 953 4043 p.
1028 3962 1177 4028 637.
1309 3961 1620 4045 Equidem
1692 3962 2043 4046 periclitor:
2123 3961 2321 4040 ‘Vale‚
2398 3960 2625 4026 Caesar

385 4067 696 4153 egregie
744 4070 807 4131 et
853 4090 1102 4132 omnem
1151 4069 1369 4133 vitam'
1421 4092 1469 4135 e.
1509 4093 1568 4153 q.
1610 4091 1680 4147 3.,
1740 4068 1906 4152 quod
1955 4070 2215 4153 propius
2269 4068 2347 4132 ad
2396 4069 2624 4134 codicis

384 4175 763 4258 scripturam
841 4174 1099 4253 accedit,
1185 4199 1336 4240 nam
1399 4176 1713 4259 plurimae
1786 4176 2180 4259 corruptelae
2245 4176 2495 4240 litterae
2557 4176 2620 4239 in

386 4282 749 4346 coniectura
795 4285 1197 4365 repetuntur3
1262 4282 1367 4347 sed
1433 4283 1628 4347 etiam
1673 4305 1835 4367 qnae
1881 4282 2160 4348 diversae
2205 4286 2371 4360 sunt,
2440 4283 2624 4347 facile

389 4389 461 4450 ut
505 4387 569 4450 in
636 4389 1044 4473 palimpsesto
1110 4388 1190 4453 ad
1236 4389 1546 4474 genuinas
1606 4389 1909 4473 compleri
1956 4393 2220 4474 possunt
2262 4441 2275 4454 .
2327 4390 2624 4472 Princeps

2541 4699 2830 4800 f
