3140 5014
1539 336 1580 401 9

441 554 674 617 magno
722 554 912 617 opere
959 530 1287 609 conlaudO,
1337 531 1509 615 quod
1557 533 1615 596 ei
1658 532 1749 596 rei
1780 552 1997 597 curam
2033 533 2535 618 industriamque
2564 535 2677 599 ad-

442 640 635 717 bibes,
703 643 782 703 ut
844 638 1106 704 verbum
1164 660 1239 702 ex
1305 640 1437 702 alto
1502 661 1685 703 eruas
1749 643 1813 703 et
1876 638 1956 703 ad
2012 640 2499 725 significandum
2564 643 2677 705 ad-

440 747 837 812 commodeS.’
954 745 1115 822 Vide
1192 745 1386 809 etiam
1457 769 1620 829 quae
1684 747 1986 832 leguntur
2049 771 2112 830 p.
2181 748 2326 826 152,
2399 751 2571 813 13-
2596 750 2677 813 14

442 852 592 918 ‘Scis
633 852 824 916 verba
864 874 1183 935 quaerere,
1231 852 1348 916 scis
1385 858 1639 936 reperta
1676 857 1843 918 recte
1886 854 2212 930 collocare,
2260 855 2377 920 scis
2404 856 2676 920 colorem

438 961 747 1024 sincerum
832 959 1163 1023 vetustatis
1235 959 1624 1044 appingere.'
1717 960 1860 1035 Quo
1939 982 2016 1024 ex
2089 962 2225 1025 loco
2303 984 2676 1047 cognoscere

445 1067 703 1150 poteriS,
754 1065 1127 1149 discipulum
1176 1087 1309 1129 non
1338 1067 1544 1130 solum
1578 1065 1658 1129 ad
1689 1066 1878 1131 verba
1911 1068 2289 1150 quaerenda,
2337 1069 2446 1134 sed
2483 1071 2674 1134 etiam

440 1177 607 1238 recte
651 1173 1018 1238 collocanda
1065 1195 1102 1236 a
1147 1173 1452 1258 magistro
1500 1173 1865 1239 institutum
1914 1175 2122 1242 fuisse.
2139 1174 2189 1254 1)

571 1279 876 1343 Attamen
922 1278 1266 1362 praeterire
1312 1280 1610 1344 nolumus
1658 1280 2050 1345 Frontonem
2087 1304 2218 1346 non
2261 1304 2388 1346 esse
2423 1306 2676 1366 prorsus

438 1388 733 1465 nescium,
800 1390 1112 1470 quantam
1172 1408 1390 1452 curam
1446 1394 1511 1453 et
1565 1388 1966 1474 diligentiam
2020 1390 2102 1453 in*
2145 1390 2452 1455 eiusmodi
2507 1393 2676 1456 anti-

398 1517 710 1579 squorum
756 1494 1179 1560 aemulatione
1225 1496 1325 1560 vel
1373 1496 1585 1579 potius
1633 1496 2018 1580 expilatione
2054 1496 2341 1562 adhiberi
2379 1519 2538 1581 opus
2571 1499 2672 1562 sit.

438 1601 842 1667 Adhortatur
888 1602 1055 1665 enim
1102 1601 1393 1666 Marcum
1438 1639 1527 1650 —-
1573 1624 1959 1686 quamquam
2018 1604 2153 1687 ipse
2216 1604 2405 1668 huius
2471 1604 2674 1668 moni-

436 1710 630 1774 tionis
671 1731 857 1792 saepe
899 1731 1139 1774 memor
1175 1732 1307 1774 non
1344 1712 1438 1774 est
1466 1746 1553 1756 —-
1586 1713 1660 1774 ut
1697 1710 2220 1794 quotiescumque
2258 1711 2676 1776 reconditiore

438 1817 654 1899 aliquo
702 1815 892 1879 verbo
938 1817 1035 1880 uti
1087 1815 1253 1894 velit,
1302 1816 1651 1882 identidem
1694 1838 1902 1881 secum
1953 1816 2273 1896 deliberet,
2331 1841 2487 1881 num
2532 1840 2673 1881 cum

435 1923 770 1999 sententia,
819 1945 1014 2005 quam
1059 1924 1423 1988 elocuturus
1467 1924 1572 2000 sit,
1619 1924 1740 1988 ista
1778 1946 1902 1987 vox
1942 1928 2272 2010 congruat,
2322 1948 2403 1990 ne
2448 1947 2676 2008 parum

436 2030 650 2114 probe,
700 2030 853 2113 quin
902 2031 1095 2094 etiam
1141 2030 1409 2095 absurde
1454 2032 1728 2114 repetita
1775 2053 1904 2095 esse
1952 2032 2255 2097 videatur.
2349 2032 2427 2097 cf.
2474 2056 2535 2116 p.
2567 2033 2671 2109 63,

438 2138 525 2201 24
569 2158 659 2220 sq.
719 2136 995 2213 ‘Verum,
1058 2140 1128 2200 ut
1172 2137 1356 2201 initio
1405 2136 1553 2214 dixi,
1623 2159 1929 2222 magnum
1974 2139 2042 2202 in
2092 2162 2165 2203 ea
2211 2162 2278 2203 re
2324 2139 2674 2222 periculum

442 2246 554 2321 est,
604 2265 684 2306 ne
728 2242 938 2306 minus
985 2245 1133 2325 apte
1179 2246 1292 2306 aut
1338 2265 1565 2326 parum
1613 2244 1882 2309 dilucide
1929 2249 2041 2309 aut
2080 2268 2209 2309 non
2248 2247 2395 2309 satis
2434 2246 2671 2323 decore,

437 2354 511 2414 ut
542 2373 579 2414 a
607 2349 950 2413 semidocto
972 2349 1365 2413 conlocetur:
1415 2372 1691 2433 namque
1719 2351 1922 2415 multo
1959 2353 2156 2416 satius
2192 2358 2285 2417 est
2315 2353 2675 2437 volgaribus

438 2460 502 2521 et
558 2457 804 2523 usitatis
860 2479 1053 2541 quam
1109 2457 1367 2523 remotis
1431 2460 1496 2521 et
1550 2459 1868 2542 requisitis
1924 2458 2039 2537 uti,
2106 2459 2159 2522 si
2204 2481 2433 2543 parum
2477 2460 2673 2544 signi-

438 2566 646 2629 ficent'
695 2564 965 2648 (emend.
1013 2564 1085 2631 L.
1129 2564 1439 2648 Schopen.
1489 2565 1709 2650 Progr.
1745 2565 1975 2649 Gymn.
2022 2565 2229 2633 Bonn.
2283 2567 2448 2631 1841
2501 2589 2561 2649 p.
2604 2566 2673 2647 8)

439 2672 516 2739 cf.
565 2695 626 2755 p.
682 2672 825 2750 152,
880 2673 1158 2738 10-12.

572 2779 805 2855 Quodsi
861 2780 960 2843 his
1005 2780 1358 2863 praemissis
1413 2802 1602 2858 nunc,
1659 2785 1733 2844 ut
1789 2781 1882 2843 est
1936 2779 2353 2863 propositum,
2421 2778 2499 2843 ad
2546 2779 2675 2843 sin-

438 2886 621 2971 gulos
666 2887 1002 2970 scriptores
1049 2893 1240 2970 atque
1286 2888 1563 2972 primum
1596 2887 1850 2972 quidem
1888 2887 1967 2951 ad
1999 2891 2277 2953 oratores
2312 2888 2673 2963 transimuS,

438 2994 722 3058 omnium
769 2997 934 3058 certe
963 2994 1444 3059 facundissimus
1482 2995 1795 3059 Frontoni
1830 2994 1918 3059 M.
1949 2994 2210 3059 Porcius
2241 2994 2398 3060 Cato
2425 2994 2675 3059 videtur

438 3122 566 3165 esse
615 3101 811 3164 ‘fandi
858 3102 1213 3186 agendique
1258 3102 1570 3166 laudibus'
1623 3105 1699 3166 ut
1753 3102 1846 3166 ait
1890 3103 2091 3185 princ.
2131 3101 2279 3166 hist.
2337 3124 2400 3184 p.
2450 3102 2600 3178 203,
2632 3103 2673 3165 6

441 3209 651 3292 ‘longe
715 3209 1289 3290 praestantissimus
1355 3208 1679 3273 omnium.’
1795 3208 1988 3272 Aliud
2055 3207 2131 3271 de
2198 3206 2436 3272 Catone
2501 3207 2674 3272 testi-

439 3314 745 3379 monium'
769 3313 1244 3396 praedicatione
1308 3315 1745 3399 plenissimum
1789 3314 2026 3398 legitur
2081 3338 2143 3397 p.
2198 3315 2345 3391 129,
2408 3316 2443 3379 7
2497 3312 2672 3379 ‘Cato

439 3421 627 3498 ocuit,
693 3422 909 3484 orator
971 3420 1138 3484 idem
1193 3424 1257 3484 et
1320 3422 1668 3505 imperator
1724 3422 2048 3485 summus)
2189 3420 2326 3485 Iam
2384 3420 2675 3485 omnibus

438 3526 607 3603 lociS,
658 3527 884 3610 quibus
914 3527 1268 3611 scriptores,
1310 3528 1621 3612 imprimis
1650 3533 1946 3607 oratoreS,
1997 3532 2466 3607 enumerantur,
2516 3527 2674 3592 Cato

439 3632 646 3714 primo
693 3634 831 3697 loco
879 3634 1141 3716 ponitur
1162 3634 1237 3711 2);
1304 3636 1494 3699 ceteri
1558 3639 1771 3699 autem
1835 3639 2020 3700 tanto
2068 3635 2387 3700 habentur
2430 3636 2498 3698 in
2546 3636 2676 3698 elo-

440 3740 701 3823 quentia
747 3739 1168 3822 perfectiores,
1216 3744 1456 3824 quanto
1504 3742 1636 3806 eius
1679 3745 1832 3805 sunt
1884 3742 2235 3806 similiores,
2328 3740 2481 3805 Noli
2528 3763 2675 3805 vero

590 3934 632 4003 ¹)
670 3936 902 4004 Propter
920 3937 1130 3988 rectam
1146 3936 1436 3989 verborum
1464 3936 1880 3991 collocationem
1907 3937 2109 3991 Fronto
2129 3935 2457 3990 Sallustium
2482 3935 2678 3989 laudat

440 4044 493 4094 p.
541 4025 656 4090 153,
698 4025 910 4078 22—28
948 4024 1044 4078 ubi
1079 4028 1226 4080 recte
1261 4025 1321 4078 in
1358 4026 1649 4080 Frontonis
1685 4026 1863 4080 verbis
1901 4025 1957 4080 O.
1997 4027 2053 4080 F.
2096 4025 2159 4080 G.
2197 4025 2397 4079 Mffller
2436 4024 2673 4079 addidit:

442 4115 663 4183 ‘quique
691 4132 829 4185 pene
856 4132 1056 4169 manu
1091 4118 1326 4169 ventre
1362 4116 1522 4170 bona'
1553 4133 1599 4170 e.
1628 4134 1679 4183 q.
1713 4135 1752 4170 S.
1783 4116 1849 4170 cf.
1880 4114 2141 4170 Fleckeis.
2174 4115 2357 4170 annal.
2382 4116 2451 4169 93
2469 4132 2520 4183 p.
2552 4114 2672 4167 490.

439 4205 506 4258 cf.
545 4207 829 4273 praeterea
863 4223 915 4273 p.
957 4206 1040 4270 65,
1082 4205 1292 4258 15—19
1331 4224 1457 4260 cum
1494 4205 1721 4260 coniect.
1771 4206 1828 4259 L.
1867 4205 2244 4259 Ehrenthalii:
2319 4204 2674 4271 Quaestiones

439 4294 858 4348 Frontonianae.
898 4294 1113 4363 Regim.
1156 4295 1367 4348 Boruss.
1412 4295 1543 4349 1881
1585 4313 1638 4363 p.
1679 4295 1745 4348 21
1789 4295 1922 4348 ‘rate
1961 4293 2227 4348 dixerim!

586 4398 628 4469 ²)
666 4401 732 4455 cf.
770 4421 823 4471 p.
867 4402 986 4469 145,
1028 4403 1109 4457 ιο.
1154 4401 1272 4469 149,
1312 4403 1396 4457 21.
1442 4403 1559 4469 105,
1604 4403 1649 4456 1.
1690 4405 1775 4470 93,
1816 4404 1864 4457 9.
1908 4403 2026 4469 114,
2066 4403 2219 4458 5-7,
