3140 5014
1659 316 1746 391 32

579 518 898 608 Quidquid
963 518 1316 588 litterarum
1384 519 1707 605 eleganter
1772 527 1835 587 et
1911 518 2106 607 polite
2180 514 2598 606 compositum
2662 525 2835 602 erat,

577 631 1060 714 improbabatur
1106 633 1170 694 et
1215 629 1638 695 refutabatur.
1732 629 1917 708 Hinc,
1968 630 2216 713 opinor,
2265 630 2551 715 intellegi
2591 634 2837 714 potest,

578 754 692 803 cur
735 738 1001 802 Plautus
1049 737 1361 802 Frontoni
1408 737 1698 802 videatur
1743 737 2022 802 maxima
2068 737 2254 801 laude
2302 738 2549 822 dignus,
2598 741 2665 802 at
2700 738 2838 801 Te-

577 845 766 909 rentii
816 868 892 909 ne
957 867 1189 910 nomen
1254 844 1509 928 quidem
1572 844 1743 928 apud
1790 868 1935 910 eum
1981 846 2361 909 inveniatur.
2477 845 2840 928 Displicuit

577 952 745 1015 enim
810 974 1133 1015 cascorum
1195 952 1529 1016 verborum
1599 953 1901 1030 venatori,
1977 951 2148 1035 quod
2212 951 2544 1015 Terentius
2606 950 2836 1016 Plauti

582 1046 940 1143 exemplum
988 1059 1277 1124 deserens
1331 1081 1687 1123 sermonem
1734 1063 1799 1124 et
1844 1081 2054 1124 versus
2090 1058 2451 1123 fabularum
2483 1059 2712 1123 cultius
2760 1061 2837 1122 et

577 1167 860 1230 ornatius
907 1188 1219 1248 apparare
1263 1165 1607 1243 studuerit3
1675 1169 1980 1245 attamen,
2041 1170 2115 1230 ut
2160 1166 2445 1241 vidimus,
2511 1165 2836 1229 nonnulla

576 1273 656 1337 ab
703 1295 776 1337 eo
824 1276 1153 1337 mutuatus
1199 1277 1311 1338 est.
2446 1261 2451 1265 ’

709 1432 827 1498 Sed
893 1434 1220 1498 redeamus
1285 1433 1363 1497 ad
1427 1433 1767 1516 scriptores
1813 1433 2179 1519 Augusteae
2246 1434 2491 1498 aetatis.
2609 1432 2833 1516 Atque

574 1562 692 1624 pro
742 1540 1246 1623 exploratissimo
1304 1539 1562 1622 quidem
1626 1539 1948 1604 affirmare
2013 1561 2361 1623 possumus,
2428 1538 2834 1603 Frontonem

574 1647 763 1711 fuisse
808 1646 973 1710 Livii
1019 1647 1452 1730 expilatorem,
1519 1669 1663 1711 cum
1710 1645 1885 1711 Lucii
1936 1647 2089 1711 Veri
2138 1647 2403 1711 virtutes
2449 1646 2705 1710 bellicas
2753 1647 2828 1709 in

575 1754 900 1837 principiis
945 1754 1248 1818 historiae
1296 1754 1693 1820 describeret.
1785 1754 2172 1818 Mentionem
2222 1752 2481 1837 quidem
2507 1751 2672 1816 Livii
2719 1757 2828 1816 at-

574 1883 697 1944 que
743 1861 946 1924 Taciti
996 1861 1236 1925 Fronto
1282 1882 1598 1943 nusquam
1645 1860 1829 1936 facit3
1896 1861 2002 1924 sed
2064 1884 2136 1924 ea
2201 1882 2298 1924 res
2357 1882 2487 1923 non
2549 1859 2824 1937 obstitit,

575 1969 914 2051 quominus
959 1990 1091 2031 non
1136 1968 1343 2031 solum
1372 1968 1743 2051 sententiaS,
1791 1990 2009 2031 verum
2039 1968 2375 2049 aliquoties
2409 1968 2601 2030 etiam
2631 1966 2827 2030 verba

575 2098 649 2139 ex
699 2076 785 2137 eis
808 2074 809 2077 ’
832 2074 1209 2157 decerperet.
1305 2075 1519 2157 Atque
1566 2074 1643 2138 de
1688 2072 1867 2138 Livio
1914 2074 2284 2163 conferendi·
2342 2078 2494 2139 sunt
2547 2075 2617 2137 hi
2664 2074 2821 2137 loci:

1000 2270 1214 2336 Livius

660 2378 832 2444 XXI.
881 2381 944 2443 4.
996 2380 1054 2443 8.
1132 2381 1412 2462 equitum
1464 2380 1641 2462 pedi-

2170 2272 2412 2336 Fronto

1838 2402 1901 2462 p.
1951 2381 2101 2458 207,
2151 2381 2191 2445 6
2254 2378 2503 2443 Primus
2559 2377 2692 2460 ipse
2748 2377 2817 2441 in

571 2490 836 2572 tumque
902 2488 1092 2573 longe
1167 2487 1410 2571 primus
1484 2488 1639 2551 erat.
1750 2487 2003 2572 agmine
2077 2485 2249 2551 haud
2329 2486 2577 2570 saepius
2650 2506 2814 2568 equo

574 2594 971 2674 (Hannibal).

661 2720 810 2783 ibid.
861 2719 895 2803 ξ
927 2722 984 2785 6.
1033 2721 1255 2784 caloris
1284 2743 1356 2784 ac
1384 2720 1640 2805 frigoris

571 2827 884 2909 patientia
930 2849 1064 2908 par.

660 3058 808 3122 ibid.
859 3058 893 3140 ἕ
943 3059 1003 3122 6.
1067 3056 1188 3121 cibi
1235 3056 1637 3141 potionisque

573 3165 875 3229 desiderio
922 3166 1203 3229 naturali
1249 3186 1378 3229 non
1407 3166 1636 3248 volup-

569 3274 703 3335 tate
733 3272 954 3335 modus
984 3273 1229 3349 finitus3
1273 3273 1637 3356 vigiliarum

568 3380 896 3462 somnique
959 3402 1073 3443 nec
1138 3379 1236 3443 die
1292 3401 1406 3444 nec
1451 3384 1635 3443 nocte

571 3485 1001 3550 discriminata
1044 3493 1355 3570 tempora.

656 3718 805 3781 ibid.
855 3717 958 3800 §7
1010 3717 1194 3782 multi
1239 3740 1423 3801 saepe
1470 3718 1633 3781 mili-

566 3825 692 3888 tari
737 3826 960 3910 sagulo
1008 3828 1298 3908 opertum
1332 3824 1511 3888 humi
1540 3824 1634 3887 ia-

568 3936 815 3997 centem
860 3932 1029 3996 inter
1069 3931 1381 3996 custodias
1407 3930 1634 3995 statio-

568 4060 801 4122 nesque
847 4039 1124 4104 militum
1156 4042 1635 4121 conspexerunt.

654 4164 805 4229 ibid.
854 4164 888 4246 ἕ
927 4145 974 4229 '7
1033 4186 1105 4227 ea
1153 4164 1379 4246 (quies)
1429 4185 1634 4245 neque

1749 2595 1893 2659 vehi
1941 2617 2133 2678 quam
2180 2594 2443 2678 pedibus
2491 2593 2715 2659 fatisci.

1836 2720 1985 2783 ibid.
2036 2743 2096 2785 v.
2147 2722 2208 2785 9.
2285 2722 2477 2801 caput
2522 2721 2814 2800 apertum

1745 2826 1864 2891 soli
1929 2830 1993 2890 et
2047 2825 2352 2890 imbribus
2406 2829 2470 2889 et
2514 2824 2813 2910 grandini

1747 2940 1810 2997 et
1856 2932 2105 2996 nivibus
2148 2969 2237 2978 —
2282 2932 2595 3015 praebere.

1834 3058 1985 3121 ibid.
2038 3080 2094 3120 v.
2151 3059 2248 3122 16.
2318 3080 2535 3122 mensa
2580 3058 2808 3134 sobria,

1744 3165 1916 3230 victu
1934 3166 2000 3229 in
2031 3165 2249 3230 castris
2267 3164 2541 3249 plebeio:
2591 3165 2811 3228 vinum

1715 3271 1867 3337 <loci
1913 3295 2144 3355 aquam
2199 3272 2503 3355 temporis
2566 3270 2805 3333 bibere:

1743 3382 2019 3462 primam
2063 3380 2348 3463 vigiliam
2403 3377 2587 3438 facile
2645 3373 2807 3455 vigi-

1743 3488 1901 3565 lare,
1978 3491 2363 3570 postremam
2437 3478 2804 3543 iamdudum

1742 3592 2106 3676 expergitus
2152 3588 2403 3671 operiri.

1831 3715 1979 3779 ibid.
2012 3737 2069 3778 v.
2102 3715 2206 3779 21.
2242 3712 2579 3796 caespitem
2607 3711 2806 3775 inter-

1743 3822 1894 3886 dum
1940 3825 2014 3886 ut
2059 3826 2275 3885 torum
2318 3819 2643 3885 incubans.

1832 4162 1981 4226 ibid.
2032 4184 2087 4225 v.
2139 4164 2244 4227 22.
2303 4183 2597 4225 somnum
2643 4157 2808 4241 cepit

567 4271 743 4335 molli
814 4274 1013 4335 strato
1097 4294 1302 4355 neque
1382 4271 1634 4335 silentio
1743 4269 1956 4333 labore
2002 4272 2320 4352 paratum,
2376 4290 2503 4332 non
2552 4267 2804 4330 silentio

566 4378 882 4443 accersita.

1694 4406 1700 4460 Ι
1744 4377 2118 4461 quaesitum.
