3140 5014
1434 316 1515 387 15

483 515 672 586 Haud
704 517 798 584 ita
820 518 1113 584 omnibus
1140 540 1215 582 ex
1243 517 1549 601 partibuS,
1582 520 1659 580 ut
1686 516 1757 592 Q.
1785 513 2083 580 Claudius
2111 511 2585 600 QuadrigariuS,

353 628 668 693 Frontoni
715 627 1022 710 placuisse
1066 625 1318 690 videtur
1363 624 1435 690 L.
1484 622 1812 687 Cornelius
1858 621 2138 687 Sisenna.
2247 620 2411 687 Sane
2456 620 2588 685 eius

358 735 755 819 diligentiam
817 732 898 796 ad
954 732 1252 797 historias
1316 729 1785 813 componendas
1850 728 2204 792 adhibitam
2265 727 2589 791 collaudat

353 843 783 906 narrationem
831 841 911 904 ab
957 863 1029 904 eo
1097 839 1483 923 ‘longinque'
1533 837 1872 921 repetitam
1938 857 2066 900 esse
2129 835 2457 899 affirmans
2502 835 2583 899 cf.

352 973 411 1032 p.
462 948 608 1025 114,
659 949 730 1022 4;
779 951 847 1011 at
892 946 1065 1029 quod
1112 945 1192 1010 ad
1241 945 1577 1008 verborum
1624 943 1991 1008 electionem
2030 942 2278 1019 attinet,
2329 964 2471 1006 eum
2516 942 2584 1005 in

350 1054 595 1118 lascivis
609 1054 656 1132 l)
672 1057 925 1118 tantum
961 1053 1218 1118 vocibus
1248 1050 1848 1135 ‘elegantem'fuisse
1873 1049 2132 1113 fatetur.
2161 1048 2240 1114 cf.
2262 1071 2325 1132 p.
2349 1049 2454 1127 62,
2477 1047 2583 1115 24.

486 1160 776 1243 Denique
823 1159 1128 1224 Catonem
1194 1179 1466 1241 quoque,
1533 1157 1710 1221 cuius
1765 1157 2043 1241 origines
2108 1155 2309 1218 verbis
2358 1156 2588 1219 ‘multi-

356 1268 538 1350 iugis'
624 1268 946 1350 expositae
1018 1268 1432 1349 opponuntur
1506 1262 1703 1328 Coelii
1784 1264 2062 1328 historiis
2138 1266 2213 1326 ut
2284 1262 2586 1346 ‘singulis'

353 1376 722 1459 conscriptis
786 1374 894 1457 (cf.
962 1397 1024 1457 p.
1090 1374 1235 1451 114,
1284 1371 1373 1455 5),
1440 1395 1478 1436 a
1541 1371 1869 1436 Frontone
1933 1370 2151 1434 haberi
2217 1370 2588 1433 historicum

351 1483 520 1546 haud
587 1482 816 1567 exigua
881 1480 1069 1545 laude
1137 1480 1422 1564 dignum,
1491 1479 1578 1543 eis
1625 1478 1880 1561 quidem
1939 1468 2234 1561 cognitis,
2302 1498 2464 1559 quae
2508 1476 2586 1540 de

354 1587 613 1652 Catonis
668 1588 1014 1652 virtutibus
1072 1587 1365 1652 oratoriis
1420 1586 1641 1650 rhetor
1697 1584 2100 1661 existimavit,
2167 1584 2270 1647 vix
2329 1587 2422 1647 est
2475 1605 2587 1647 ne-

353 1696 686 1760 cessarium
746 1718 1023 1760 monere.
1089 1694 1169 1758 cf.
1218 1717 1281 1776 p.
1343 1695 1493 1772 203,
1544 1693 1782 1758 8-10,
1852 1692 1962 1754 ‘ita
2018 1689 2176 1754 Cato
2231 1688 2586 1772 oppidatim

353 1804 579 1866 statuis
625 1803 967 1881 ornandus,
1017 1803 1126 1886 qui
1174 1802 1448 1885 primam
1493 1800 1682 1864 latini
1726 1799 2005 1863 nominis
2048 1797 2334 1862 subolem
2362 1803 2426 1862 et
2453 1794 2586 1862 Ita-

356 1910 620 1973 licarum
666 1910 985 1994 originum
1033 1909 1338 1993 pueritias
1382 1907 1785 1971 inlustravit.'

485 2014 788 2080 Omnium
844 2037 995 2081 vero
1053 2014 1498 2079 historicorum
1553 2013 1869 2078 Frontoni
1935 2017 2121 2077 tanto
2177 2014 2271 2076 est
2326 2011 2585 2076 nobilis-

350 2122 543 2185 simus
591 2121 945 2199 Sallustius,
995 2127 1236 2203 quanto
1285 2120 1443 2184 Cato
1499 2124 1828 2185 oratorum
1883 2123 1977 2183 est
2031 2119 2581 2203 praeclarissimus.

353 2227 708 2291 Archaismi
765 2227 1056 2291 videlicet
1112 2227 1396 2291 Sallustii
1452 2228 1826 2309 plerumque
1881 2249 1957 2289 ex
2012 2224 2251 2289 Catone
2308 2225 2587 2308 decerpti

350 2334 688 2398 admodum
782 2333 1148 2398 arridebant
1238 2332 1553 2397 Frontoni
1645 2333 2041 2414 maximeque
2130 2331 2582 2414 probabantur.

349 2440 469 2504 Sed
534 2444 786 2525 praeter
849 2441 1015 2513 hanc
1079 2440 1221 2506 cum
1279 2438 1517 2504 Catone
1581 2439 2063 2503 similitudinem
2134 2437 2198 2501 id
2245 2440 2585 2521 praecipue

346 2550 416 2611 in
463 2549 764 2613 Sallustio
821 2548 1191 2627 admiratur,
1241 2548 1407 2631 quod
1463 2547 1806 2611 sententias
1862 2547 1960 2609 vel
2007 2550 2244 2630 γνώμας
2290 2545 2586 2628 pulcher-

351 2657 542 2718 rimas
597 2656 1020 2739 composuerit
1075 2655 1176 2718 vel
1235 2654 1392 2719 adeo
1449 2653 1781 2737 perfectaS,
1842 2657 1916 2716 nt
1974 2654 2040 2715 in
2089 2675 2162 2715 ea
2209 2674 2275 2715 re
2322 2675 2359 2715 a
2406 2652 2585 2715 nullo

344 2762 648 2845 scriptore
693 2763 978 2845 superari
1025 2764 1250 2845 posset.
1343 2761 1637 2825 Profecto
1685 2760 2077 2843 potissimum
2134 2760 2254 2822 hae
2302 2758 2587 2824 Sallustii

343 2870 700 2934 sententiae
748 2870 1059 2933 Frontoni
1107 2872 1256 2932 ante
1315 2867 1530 2932 oculos
1587 2867 2082 2932 obversabantur
2137 2867 2425 2929 alumnos
2472 2865 2584 2928 ad-

345 2975 654 3053 hortanti,
696 2980 786 3039 uta
826 2976 1189 3040 ‘sententias
1235 2974 1614 3058 splendidas'
1667 2996 1743 3038 ex
1781 2974 2048 3038 historia
2087 2977 2513 3056 excerperent.
2528 2970 2585 3053 ²)

343 3081 421 3146 cf.
469 3105 530 3164 p.
582 3082 728 3160 106,
777 3083 952 3146 3—4
1002 3083 1363 3147 ‘sententias
1410 3082 1773 3165 arriperetis
1813 3117 1894 3126 -—
1929 3104 2013 3165 ⁴ex
2058 3080 2325 3144 historia
2370 3080 2584 3162 splen-

345 3187 562 3251 didas'.
663 3188 975 3272 Discipuli
1039 3192 1255 3253 autem
1321 3189 1611 3273 magistri
1675 3190 2084 3271 praeceptum
2147 3188 2419 3251 libenter
2476 3210 2583 3250 ex-

345 3295 716 3376 sequuntur.
773 3294 851 3360 cf.
881 3317 942 3376 p.
974 3296 1079 3373 48,
1120 3297 1199 3360 16
1230 3295 1301 3361 F.
1351 3295 1539 3377 ‘quod
1580 3297 1652 3358 tu
1692 3293 1995 3376 (Marcus)
2035 3314 2300 3378 gnomas
2336 3294 2587 3377 egregie

343 3401 732 3479 convertisti,
781 3401 951 3466 hanc
1002 3401 1255 3483 quidem
1285 3437 1369 3447 -
1400 3423 1603 3485 prope
1648 3401 1943 3491 perfecte,
1993 3405 2067 3465 ut
2112 3400 2267 3483 poni
2314 3399 2381 3463 in
2418 3399 2583 3462 libro

351 3505 639 3570 Sallustii
687 3509 922 3590 possit'.
973 3507 1209 3572 Confer
1254 3510 1445 3572 etiam
1491 3531 1551 3592 p.
1600 3509 1706 3586 49,
1762 3508 2020 3602 12-13
2070 3506 2155 3569 M.

499 3716 537 3785 ¹)
576 3719 760 3772 Verba
812 3719 1019 3774 lasciva
1072 3737 1184 3774 non
1229 3720 1290 3773 in
1334 3719 1676 3773 Milesiarum
1720 3719 1891 3785 libris,
1949 3719 2042 3773 sed
2087 3717 2333 3773 historiis
2378 3718 2587 3771 inserta

341 3807 511 3862 fuisse
548 3811 714 3878 putat
753 3809 936 3864 Herm.
976 3810 1140 3863 Peter
1176 3811 1212 3863 1.
1252 3828 1295 3864 c.
1335 3828 1387 3879 p.
1428 3809 1753 3864 CCCXXXI.
1794 3828 1872 3878 sq.

491 3931 533 4000 ²)
571 3933 733 3987 Haud
758 3934 946 4002 paucis
974 3934 1106 3988 locis
1134 3935 1466 3988 Frontonem
1494 3934 1949 4003 deprehendimus
1988 3933 2291 3987 sententias
2319 3951 2582 4001 usurpan-

340 4025 483 4077 tem:
514 4023 580 4077 cf.
602 4041 654 4092 p.
679 4026 764 4088 59,
789 4025 853 4078 17
874 4024 931 4077 F.
973 4025 1093 4090 204,
1116 4025 1186 4078 20
1204 4025 1261 4078 F.
1303 4025 1422 4089 209,
1449 4026 1514 4078 19
1534 4025 1593 4078 F.
1634 4025 1844 4090 218,17
1865 4025 1924 4076 F.
1966 4023 2086 4088 220,
2114 4026 2176 4077 10
2196 4024 2253 4076 F.
2295 4052 2360 4060 —
2401 4023 2449 4086 8,
2472 4023 2505 4076 3
2525 4023 2567 4075 F

346 4114 428 4178 19,
470 4114 535 4167 15
593 4112 643 4180 (e
696 4114 927 4167 Laberio
986 4115 1085 4167 134
1140 4132 1217 4182 sq.
1274 4114 1421 4181 Rib.)
1475 4114 1560 4179 98,
1603 4115 1667 4167 17
1706 4114 1763 4167 F.
1838 4115 1957 4178 214,
1998 4115 2029 4166 6
2067 4114 2123 4166 F.
2167 4143 2229 4150 -
2280 4115 2362 4177 96,
2403 4112 2470 4164 ’18
2506 4112 2583 4164 F.'

339 4202 464 4268 212,
505 4203 573 4257 26
610 4203 668 4255 F.
710 4232 777 4239 —
818 4203 902 4267 53,
946 4203 1010 4256 12
1047 4203 1104 4256 F.
1150 4204 1265 4267 131,
1307 4205 1338 4255 5
1376 4204 1442 4258 V.
1485 4204 1604 4268 164,
1644 4205 1709 4257 19
1748 4203 1806 4255 F.
1848 4204 1967 4268 207,
2000 4203 2068 4255 25
2111 4203 2163 4256 F.
2205 4232 2270 4241 -—
2315 4204 2395 4268 18,
2429 4206 2496 4259 23
2524 4206 2581 4259 F.

336 4290 428 4354 42,
458 4291 491 4343 4
520 4292 577 4344 F.
618 4292 703 4357 61,
735 4292 804 4345 23
830 4292 889 4345 F.
933 4293 1049 4358 161,
1081 4294 1114 4347 3
1143 4292 1200 4347 F.
1242 4294 1363 4359 195,
1396 4289 1462 4345 17
1490 4293 1548 4345 F.
1595 4293 1712 4358 197,
1746 4293 1810 4346 16
1839 4294 1897 4347 F.
1937 4293 2059 4359 203,
2090 4295 2156 4347 15
2184 4294 2243 4348 F.
2285 4295 2404 4360 206,
2441 4297 2503 4349 15
2524 4295 2581 4350 F.

338 4377 463 4444 213,
502 4378 536 4431 4
572 4380 631 4433 F.
672 4380 792 4446 215,
833 4382 865 4435 5
903 4380 962 4435 F.
