3140 5014
1614 268 1696 342 16

665 467 843 536 Alias
926 467 1143 536 laudes
1216 474 1565 554 permultas
1631 471 1967 538 Sallustius
2048 466 2281 538 idcirco
2345 494 2383 539 a
2446 466 2774 540 Frontone

536 583 831 660 meretur,
900 579 1068 664 quod
1116 579 1336 664 figuris
1381 580 1720 665 praecipue
1766 581 1870 658 eis,
1920 603 2083 665 quae
2129 578 2399 646 ἀντίθετα
2439 586 2769 671 .vocantur,

533 684 725 751 libros
769 708 913 751 suos
959 686 1283 751 commode
1329 686 1674 752 adornarit.
1702 688 1752 771 1)
1843 688 1923 752 cf.
1973 710 2037 773 p.
2087 689 2232 768 107,
2277 690 2539 755 21-23
2588 690 2773 775 ‘figu-

532 816 634 859 ras
681 794 872 859 etiam
940 829 1020 839 —
1091 794 1276 858 illum
1339 792 1767 878 (Sallustium)
1831 794 2135 860 historiae
2202 832 2282 843 -
2350 802 2774 882 congruentes

532 900 917 966 adhibuisse:
969 899 1342 965 Sallustium
1374 902 1722 967 ‘antithetis
1768 902 2028 967 honeste
2075 904 2437 987 compositis
2481 904 2707 969 usum.'

668 1025 823 1090 Cum
870 1026 1071 1111 igitur
1117 1025 1453 1091 Sallustius
1482 1025 1797 1091 Frontoni
1829 1027 2117 1092 videatur
2152 1049 2281 1092 esse
2308 1050 2524 1094 rerum
2550 1033 2774 1094 auctor

533 1133 1133 1218 praestantissimuS,
1199 1133 1457 1198 minime
1521 1134 1778 1217 quidem
1843 1135 2076 1198 mirum
2139 1138 2249 1213 est,
2317 1135 2490 1219 quod
2562 1158 2638 1200 ex
2701 1158 2772 1200 eo

531 1249 725 1326 atque
752 1241 1023 1305 maxime
1053 1240 1305 1323 quidem
1336 1264 1411 1305 ex
1440 1240 1481 1305 ,J
1486 1240 1768 1325 ugurtha
1797 1242 1964 1306 locos
1992 1242 2418 1327 longiusculos
2456 1242 2774 1327 exhibet2)

531 1350 766 1414 scilicet
809 1351 885 1412 ut
911 1350 1237 1437 appareat,
1286 1348 1490 1430 qualis
1518 1348 1805 1412 historici
1834 1348 1910 1412 de
1938 1348 2095 1414 duce
2140 1352 2254 1413 aut
2300 1350 2578 1414 exercitu
2625 1370 2773 1413 nar-

532 1457 699 1522 ratio
748 1476 875 1520 esse
923 1454 1162 1519 debeat.
1275 1454 1584 1520 Attamen
1631 1454 1875 1519 Fronto
1939 1456 2072 1539 ipse
2135 1456 2203 1519 in
2268 1456 2373 1534 eiS,
2442 1477 2605 1538 quae
2667 1477 2774 1519 ro-

533 1567 729 1650 gante
749 1561 800 1647 ³)
865 1562 1033 1626 Vero
1078 1561 1144 1625 in
1192 1561 1518 1645 principiis
1563 1561 1870 1627 historiae
1923 1561 2001 1626 de
2046 1561 2211 1626 bello
2258 1561 2555 1627 Parthico
2603 1584 2774 1626 com-

534 1671 764 1755 posuit,
814 1668 1027 1732 stilum
1077 1667 1329 1750 quidem
1361 1667 1644 1733 Sallustii
1690 1691 1755 1733 se
1794 1668 2096 1748 didicisse,
2147 1674 2384 1733 rectam
2411 1669 2774 1735 scribendae

534 1777 836 1841 historiae
881 1776 1195 1839 rationem
1243 1796 1306 1838 se
1352 1797 1480 1838 non
1531 1774 1815 1840 didicisse
1860 1776 2013 1840 satis
2059 1775 2353 1841 ostendit.
2373 1776 2429 1860 4)

668 1884 1002 1949 Permotus
1050 1882 1217 1945 enim
1264 1882 1548 1965 impenso
1597 1903 1748 1966 erga
1779 1882 2015 1947 Verum
2063 1905 2279 1947 amore
2326 1905 2417 1961 ea,
2468 1904 2629 1966 quae
2657 1882 2774 1946 sub

535 1993 656 2057 hoc
703 1989 858 2054 duce
886 1988 1160 2053 Romani
1190 1987 1348 2052 bene
1394 1992 1733 2073 gesserant,
1783 2012 1912 2053 non
1958 1990 2166 2054 solum
2212 1990 2390 2054 auxit
2436 1992 2501 2053 et
2546 1988 2776 2073 ampli-

534 2098 767 2175 ficavit,
833 2095 937 2160 sed
987 2096 1180 2159 etiam
1223 2096 1416 2160 solius
1462 2095 1616 2160 Veri
1662 2095 1836 2160 laudi
1888 2096 2144 2162 bellicae
2191 2096 2503 2175 attribuit,
2551 2118 2775 2179 quam-

536 2228 729 2288 quam
774 2204 896 2281 hic,
964 2224 1108 2267 cum
1169 2203 1456 2267 consules
1523 2202 1750 2266 militia
1805 2203 2329 2288 defatigarentur‚
2397 2203 2775 2268 Antiochiae

535 2311 806 2397 degebat
850 2311 1047 2374 vitam
1093 2310 1484 2374 luxuriosam
1530 2309 1928 2395 desidiaeque
1976 2309 2272 2377 deditam.

670 2417 787 2482 His
850 2417 983 2482 fere
1039 2416 1440 2499 exposuimus
1487 2416 1830 2481 Frontonis
1885 2417 1963 2481 de
2010 2416 2309 2482 Sallustio
2365 2415 2773 2493 sententiam3

688 2595 726 2666 ι)
764 2597 949 2664 Atque
987 2613 1044 2649 re
1079 2612 1211 2648 vera
1248 2594 1524 2649 contraria
1559 2594 1813 2649 Sallustii
1841 2594 2105 2649 Frontoni
2141 2595 2481 2664 permultum
2507 2595 2777 2664 placuisse

538 2707 606 2743 ex
641 2687 822 2742 studio
860 2685 1102 2740 conicere
1138 2702 1438 2753 possumne,
1478 2702 1588 2752 quo
1624 2685 1740 2753 ipse
1778 2700 1844 2738 ea
1879 2684 2150 2738 imitatur.
2226 2684 2291 2738 cf.
2331 2701 2384 2752 p.
2423 2684 2473 2749 8,
2514 2685 2546 2737 2
2584 2684 2642 2737 F.
2691 2683 2775 2749 38,

542 2779 748 2831 14—15
787 2776 844 2831 F.
900 2775 987 2840 46,
1029 2775 1238 2828 15—16
1275 2774 1333 2827 F.
1393 2775 1476 2839 53,
1522 2774 1586 2827 12
1625 2774 1684 2827 F.
1746 2774 1829 2839 58,
1871 2774 2082 2827 22—24
2120 2773 2178 2827 F.
2229 2774 2313 2838 59,
2354 2774 2386 2826 2
2423 2773 2481 2827 F.
2524 2772 2608 2838 98,
2648 2775 2680 2827 6
2716 2772 2775 2824 F.

542 2867 659 2932 105,
700 2867 769 2919 24
805 2882 883 2932 sq.
923 2865 980 2917 F.
1043 2864 1159 2928 113,
1204 2863 1410 2917 11-16
1448 2863 1506 2916 F.
1570 2865 1686 2928 114,
1729 2863 1865 2917 1—-5
1901 2863 1959 2917 F.
2020 2862 2105 2930 (cf.
2163 2862 2594 2916 Klussmannum
2647 2862 2682 2915 l.
2732 2879 2774 2915 c.

539 2974 592 3025 p.
632 2954 720 3022 54)
777 2955 895 3018 117,
949 2954 1013 3008 13
1050 2953 1116 3006 V.
1179 2953 1294 3016 122,
1343 2953 1376 3005 3
1413 2952 1472 3007 F.
1532 2953 1652 3018 124,
1702 2955 1732 3006 7
1771 2953 1829 3006 F.
1893 2954 2009 3018 130,
2056 2954 2088 3007 6
2125 2953 2192 3007 V.
2252 2954 2371 3018 143,
2425 2952 2490 3006 19
2527 2952 2584 3005 F.
2657 2951 2776 3016 152,

543 3044 607 3097 17
645 3043 704 3095 F.
754 3042 872 3106 188,
917 3042 1124 3095 12—-24
1160 3040 1217 3095 F.
1274 3040 1395 3105 204,
1427 3042 1494 3094 20
1532 3041 1591 3094 F.
1648 3041 1768 3105 208,
1812 3044 1837 3094 1
1877 3042 1934 3094 F.
1985 3043 2105 3108 213,
2151 3042 2177 3094 1
2214 3042 2272 3095 F.
2322 3042 2442 3106 215,
2474 3041 2506 3094 5
2544 3040 2602 3094 F.
2654 3039 2776 3104 218,

543 3133 609 3187 16
646 3133 704 3186 F.
754 3132 874 3198 228,
917 3132 981 3186 10
1018 3132 1076 3184 F.
1116 3131 1237 3195 233,
1273 3130 1334 3183 11
1374 3130 1431 3183 F.
1471 3131 1594 3196 235,
1631 3131 1693 3183 19
1731 3130 1789 3183 F.
1829 3130 1952 3196 238,
1995 3130 2021 3183 1
2061 3130 2118 3183 F.

688 3237 729 3306 ²)
766 3239 832 3293 cf.
872 3256 923 3307 p.
968 3238 1082 3302 108,
1127 3239 1189 3292 17
1228 3255 1344 3306 sqq.
1390 3259 1450 3282 =
1490 3236 1618 3306 Jug.
1661 3238 1707 3291 6.
1753 3239 1807 3302 1;
1851 3237 1967 3302 109,
2006 3238 2042 3289 4
2078 3254 2180 3304 sqq
2221 3258 2282 3282 ---
2322 3235 2448 3305 Jug.
2494 3237 2573 3289 17.
2612 3236 2777 3299 5—6;

540 3329 625 3382 20.
666 3329 724 3392 2;
764 3327 847 3381 28.
888 3328 920 3381 5
933 3348 946 3391 3
984 3327 1068 3380 44.
1106 3327 1239 3380 1—2
1268 3328 1324 3380 et
1351 3327 1517 3390 4—5;
1557 3327 1643 3379 45.
1673 3328 1718 3379 1.
1793 3325 2086 3380 Praeterea
2122 3324 2415 3380 Sallustius
2453 3324 2779 3379 exscribitur

538 3417 626 3471 his
663 3416 820 3471 locis:
858 3435 909 3485 p.
954 3418 1070 3482 110,
1105 3417 1170 3469 16
1207 3434 1323 3484 sqq.
1352 3436 1410 3460 =
1436 3414 1556 3469 Cat.
1597 3415 1680 3467 25.
1717 3415 1879 3480 1-3;
1920 3416 2003 3469 31.
2036 3417 2083 3469 3.
2138 3414 2252 3481 153,
2282 3416 2350 3468 22
2375 3435 2436 3460 --
2462 3413 2581 3469 Cat.
2617 3416 2696 3468 14.
2720 3415 2777 3479 23

541 3507 661 3573 107,
701 3506 770 3559 23
812 3527 873 3551 --
915 3504 1033 3559 Cat.
1074 3506 1122 3559 5.
1161 3505 1220 3570 4;
1283 3505 1399 3569 162,
1439 3507 1472 3560 6
1515 3525 1577 3549 --·
1617 3503 1746 3557 hist.
1786 3504 1826 3557 I.
1870 3505 1935 3558 15
1973 3504 2038 3557 K.
2133 3502 2329 3558 Confer
2375 3504 2547 3558 etiam
2589 3504 2707 3570 126,
2746 3503 2780 3556 4

540 3599 597 3650 et
634 3595 762 3649 hist.
801 3595 894 3648 IV.
938 3595 1028 3659 19;
1090 3594 1205 3660 126,
1247 3595 1279 3648 5
1317 3596 1375 3648 et
1409 3593 1539 3647 hist.
1589 3592 1684 3647 ΠΙ.
1728 3595 1783 3657 1;
1845 3593 1963 3659 126,
2004 3594 2037 3647 6
2075 3595 2132 3646 et
2169 3593 2295 3661 Jug.
2334 3593 2433 3657 243
2494 3592 2613 3658 129,
2653 3593 2687 3647 3
2724 3593 2780 3646 et

540 3685 666 3754 Jug.
705 3685 790 3738 44.
829 3684 878 3737 3.

688 3788 730 3858 ⁸)
768 3789 833 3844 cf.
875 3789 945 3844 ad
981 3787 1106 3844 Ver.
1145 3788 1284 3858 Imp.
1342 3788 1411 3843 II.
1471 3791 1518 3843 3.
1577 3805 1628 3857 p.
1673 3788 1969 3853 131—132,
2014 3788 2097 3841 15.
2171 3787 2293 3852 Qua
2329 3786 2568 3855 epistula
2602 3787 2779 3841 Verus

541 3880 871 3964 magistrum
906 3878 1156 3949 pluribus
1192 3879 1396 3944 edocet,
1436 3878 1707 3946 quomodo
1753 3877 1963 3932 bellum
2000 3877 2323 3933 Parthicum
2369 3876 2781 3932 describendum

543 3970 630 4035 sit,
670 3972 734 4023 ut
769 3986 853 4023 res
891 3986 925 4024 a
960 3986 1016 4023 se
1052 3972 1243 4038 gestae
1279 3985 1448 4036 quam
1485 3966 1910 4036 gloriosissimae
1949 3967 2201 4022 evadant.

690 4076 731 4144 ⁴)
769 4076 1116 4144 Quamquam
1161 4075 1514 4141 Niebuhrius,
1572 4074 2035 4129 eminentissimus
2089 4073 2186 4129 ille
2241 4073 2532 4128 Frontonis
2587 4073 2779 4138 editor,

543 4166 772 4219 fortasse
808 4165 931 4233 plus
986 4182 1160 4232 aequo
1211 4164 1487 4218 rhetorem
1543 4164 1799 4233 castigat.
1875 4163 1941 4217 cf.
2000 4163 2130 4217 edit.
2171 4163 2347 4217 Bcrol.
2388 4180 2439 4230 p.
2480 4163 2582 4215 239
2637 4161 2779 4214 med.

545 4255 703 4310 Certe
738 4254 941 4307 Fronto
977 4252 1038 4306 in
1072 4254 1176 4307 hoc
1212 4253 1470 4322 opusculo
1509 4252 1680 4306 etiam
1719 4252 1952 4318 Livium,
2011 4253 2158 4320 quod
2211 4254 2403 4321 postea
2457 4249 2779 4316 videbimus,

544 4343 858 4402 imitatione
895 4342 1172 4411 expressit.
1249 4343 1313 4396 cf.
1354 4362 1404 4411 p.
1445 4344 1514 4397 32
1551 4359 1632 4409 sq.
