3140 5014
1490 375 1577 443 53

547 572 883 660 Singulare
929 577 1041 653 est,
1109 573 1279 659 quod
1326 574 1589 639 verbum
1635 572 2040 638 modificandi
2087 574 2400 658 reperitur
2445 576 2653 640 activa

412 681 619 747 forma
663 705 846 746 sensu
895 686 1108 747 autem
1157 682 1563 746 intransitivo
1613 680 1689 744 ad
1739 681 1809 745 Μ.
1849 680 2027 746 Caes·
2069 679 2155 745 W.
2185 681 2226 746 3
2258 698 2312 762 ρ.
2345 681 2455 762 65,
2489 681 2530 746 2
2560 698 2651 764 sq.

412 788 570 853 ‘Tibi
618 811 766 854 vero
816 812 1002 855 nemo
1049 791 1114 854 in
1166 812 1238 853 ea
1285 812 1352 853 re
1399 790 1511 871 (sc.
1561 793 1773 853 utrum
1809 788 2060 853 Marcus
2105 789 2273 852 inter
2296 811 2652 872 synonyma

407 897 767 980 scrupulose
796 897 1266 982 elegantissima
1299 919 1588 980 quaeque
1621 895 1904 979 requirat
1949 917 2064 959 nec
2112 896 2215 976 ne)
2264 896 2649 961 intercedere

408 1009 520 1069 aut
565 1004 1015 1068 modificare
1060 1004 1196 1067 iure
1242 1004 1375 1067 ullo
1424 1004 1675 1086 poterit,
1743 1003 1852 1086 qui
1908 1003 1991 1066 sis
2038 1000 2262 1066 liberis*
2297 1009 2650 1087 prognatus

406 1114 471 1174 et
515 1110 800 1193 equitum
866 1132 1121 1175 censum
1169 1109 1653 1194 praetervehare
1718 1113 1782 1173 et
1845 1110 1908 1172 in
1976 1114 2198 1174 senatu
2264 1112 2650 1176 sententiam

406 1218 666 1303 rogere.'
778 1217 1107 1301 Nusquam
1174 1216 1322 1281 alibi
1373 1216 1632 1281 verbum
1679 1216 2078 1281 modificandi
2127 1217 2214 1282 sic
2270 1224 2644 1302 usurpatum

404 1330 538 1390 tum
586 1347 736 1389 vero
784 1324 951 1408 apud
984 1324 1373 1388 Frontonem
1421 1324 1632 1407 ipsum
1678 1327 1882 1389 exstat
1928 1324 2134 1389 forma
2181 1325 2646 1409 deponentialis

402 1432 480 1496 cf.
527 1454 587 1515 p.
645 1433 789 1507 133,
838 1434 915 1496 17
967 1435 1298 1515 ‘temperes
1345 1435 1408 1495 et
1456 1452 1745 1514 reparcas
1791 1434 1855 1495 et
1902 1431 2278 1497 modificeris
2325 1433 2646 1497 desideriis

403 1538 732 1603 omnibus'.
846 1538 1022 1603 Idem
1083 1539 1158 1602 fit
1222 1538 1391 1622 apud
1457 1537 1821 1621 Apuleium,
1890 1539 2067 1605 cuius
2132 1540 2379 1604 dicendi
2444 1562 2647 1626 genus

398 1645 756 1729 saepissime
817 1646 1115 1730 congruit
1179 1668 1322 1710 cum
1388 1644 1826 1709 Frontoniano
1892 1645 1973 1710 cf.
2039 1651 2188 1712 met.
2245 1646 2354 1711 XI.
2407 1647 2487 1710 21
2553 1650 2646 1709 ‘ut

397 1753 606 1818 solent
667 1755 958 1836 parentes
1023 1752 1378 1816 immaturis
1441 1752 1784 1816 liberorum
1851 1751 2171 1817 desideriis
2238 1751 2640 1829 modificari'3

397 1859 473 1925 de
521 1860 637 1924 deo
687 1859 854 1925 Socr.
885 1859 1046 1943 prol.
1083 1859 1206 1924 105
1256 1859 1554 1923 ‘orationi
1585 1859 2037 1936 modificabor3'
2088 1859 2247 1924 adde
2296 1857 2373 1924 de
2421 1859 2638 1945 dogm.

398 1966 561 2031 Plat.
613 1966 696 2030 ΙΙ.
754 1970 850 2032 12.

528 2091 755 2176 Itaque
801 2092 1113 2175 astipulor
1150 2091 1388 2156 Orellio
1422 2091 1810 2156 ‘modificari'
1842 2093 2216 2177 corrigenti3
2266 2092 2635 2175 praesertim

395 2221 535 2263 cum
584 2200 833 2264 sanatio
879 2199 1194 2264 lenissima
1239 2198 1340 2276 sit,
1400 2198 1741 2263 dummodo
1786 2198 2098 2263 scribatur
2145 2199 2635 2264 modificarei

394 2306 707 2389 (sequitur
752 2307 785 2369 i'
819 2305 1085 2389 littera.)
1107 2304 1156 2389 1)
1248 2306 1327 2371 cf.
1378 2329 1437 2388 p.
1480 2307 1586 2383 96,
1620 2308 1660 2370 6
1711 2305 2110 2391 ‘progredei'3
2161 2308 2310 2383 210,
2347 2309 2424 2371 17
2479 2307 2639 2390 ‘pla-

395 2414 610 2488 carei'3
659 2415 764 2491 42,
803 2415 833 2479 1
886 2413 1265 2497 ‘protelarei'
1317 2435 1410 2496 pr.
1444 2436 1525 2476 m.
1622 2412 1860 2478 Eadem
1907 2416 2120 2477 autem
2153 2414 2400 2477 ratione
2428 2412 2638 2478 Baeh-

392 2522 633 2584 tensius
677 2521 765 2585 ad.
822 2521 908 2585 Μ.
959 2519 1129 2585 Caes.
1180 2520 1263 2584 II.
1314 2521 1374 2588 5.
1425 2544 1483 2603 p.
1520 2522 1626 2597 30,
1680 2523 1715 2585 7
1765 2521 2184 2604 (‘priusquam
2230 2524 2491 2605 poetare
2537 2523 2636 2584 in-

391 2627 669 2712 cipiam')
699 2629 857 2694 bene
889 2627 1165 2693 restituit
1203 2627 1521 2711 ‘poetarei'
1574 2627 1653 2691 cf.
1689 2627 1987 2700 Fleckeis.
2021 2627 2233 2692 annal.
2257 2625 2367 2691 CV
2396 2652 2457 2711 p.
2483 2630 2634 2695 633.

526 2752 880 2817 Hominum
952 2753 1286 2818 doctorum
1362 2752 1738 2817 emendandi
1813 2753 2145 2817 conatibus
2227 2755 2633 2818 vexatissima

387 2862 557 2936 sunt,
606 2883 767 2943 quae
816 2862 1115 2947 leguntur
1160 2859 1234 2924 de
1280 2857 1447 2924 feriis
1494 2858 1806 2925 Alsiensib.
1838 2858 1899 2923 3.
1948 2876 2002 2940 ρ.
2033 2859 2189 2938 229,
2242 2860 2266 2924 1
2308 2876 2399 2942 sq.
2451 2861 2631 2925 ‘Tum

390 2966 601 3031 Iovem
644 2967 791 3031 deos
822 2967 980 3031 alios
1013 2971 1450 3050 percontatum
1485 2967 2021 3044 animadvertisse,
2070 2968 2346 3053 gratiam
2376 2969 2630 3053 vigiliae

389 3074 785 3157 aliquantum
817 3074 1076 3159 pollere;
1108 3074 1418 3138 Iunonem
1449 3076 1783 3158 plerosque
1813 3078 2034 3157 partus
2063 3078 2406 3139 nocturnos
2434 3069 2626 3153 cieress

387 3181 737 3246 Minervam
786 3182 1019 3245 artium
1068 3185 1259 3264 atque
1306 3181 1618 3245 artificum
1669 3181 2038 3267 magistram
2071 3179 2343 3245 multum
2374 3182 2630 3267 vigilari

389 3288 575 3364 velle3
611 3288 882 3353 Martem
911 3291 1254 3352 nocturnas
1283 3289 1648 3371 eruptiones
1680 3293 1743 3352 et
1771 3287 2027 3351 insidias
2057 3291 2348 3352 mutare
2375 3289 2628 3364 iuvare;

384 3394 695 3460 Venerem
745 3417 890 3458 vero
937 3398 1001 3459 et
1047 3393 1342 3458 Liberum
1392 3395 1594 3459 multo
1640 3395 1913 3458 maxime
1960 3395 2482 3478 pernoctantibus
2530 3396 2627 3459 fa-

384 3502 568 3566 vere'.
661 3501 1041 3566 Luculenter
1087 3505 1373 3585 apparet,
1422 3501 1650 3566 Martis
1677 3502 1986 3566 auxilium
2013 3525 2141 3565 non
2190 3502 2258 3566 in
2303 3503 2438 3566 sola
2484 3526 2626 3567 mu-

384 3608 628 3673 tatione
674 3609 1080 3692 eruptionum
1128 3612 1192 3672 et
1237 3609 1609 3672 insidiarum
1659 3609 1936 3691 positum
1981 3631 2110 3673 esse
2157 3631 2354 3693 posse,
2404 3609 2510 3675 sed
2559 3610 2624 3674 id

381 3714 587 3779 solum
647 3715 934 3799 spectari,
1008 3719 1225 3779 utrum
1291 3715 1555 3779 insidiae
1621 3714 1828 3779 Marte
1892 3716 2183 3781 adiutore
2247 3739 2391 3781 cum
2455 3716 2622 3781 bono

366 3817 612 3886 'eventu
661 3822 947 3886 locentur
992 3844 1107 3887 nec
1163 3845 1269 3898 ne3
1336 3822 1552 3905 itaque
1618 3822 1877 3887 verbum
1944 3823 2236 3888 mutandi
2302 3824 2404 3888 hic
2471 3823 2622 3888 ferri

382 3929 617 4013 nequit.
712 3928 1108 3993 Multimodis
1153 3934 1385 4008 autem,
1435 3933 1509 3993 ut
1554 3929 1743 3993 modo
1793 3929 2083 4008 diximus,
2135 3932 2251 3994 viri
2284 3931 2451 3996 docti
2485 3932 2621 3996 loco

380 4036 613 4100 mederi
687 4035 1046 4102 studebant.
1154 4037 1366 4119 Atque
1430 4034 1837 4103 Heindorfius
1907 4037 2296 4104 emendavit:
2363 4038 2620 4103 insidias

376 4143 574 4206 tutari
622 4146 686 4207 et
732 4143 972 4221 iuvare;
1021 4142 1324 4208 Orellius:
1374 4144 1491 4208 ins.
1541 4143 1848 4210 militares
1892 4144 2111 4209 iuvare
2156 4145 2232 4211 cf.
2281 4145 2615 4210 chrestom.

525 4354 567 4423 ¹)
603 4357 669 4410 In
704 4356 850 4412 idem
887 4356 1098 4423 incidit,
1138 4360 1202 4412 ut
1239 4357 1549 4427 nuperrime
1587 4358 1834 4428 cognovi,
1873 4376 2062 4413 censor
2093 4377 2397 4429 anonymus
2426 4359 2614 4415 disser-

268 4527 291 4548 x
374 4443 605 4501 tationis
640 4445 973 4502 Ebertianae
1008 4446 1069 4502 in
1101 4446 1285 4502 indice
1321 4446 1604 4517 philologo
1640 4447 1745 4502 vol.
1785 4447 1905 4503 XII.
1946 4466 1998 4522 p.
2039 4449 2158 4505 398.
