3140 5014
1633 293 1713 357 18

551 488 829 553 18-20,
926 485 1092 553 Sane
1138 510 1215 552 ex
1261 487 1358 552 his
1403 488 1660 553 nonnisi
1725 491 2033 572 quattuor
2098 490 2332 572 priores
2379 513 2417 554 a
2464 489 2786 557 Frontone

544 594 803 660 alumno
868 595 950 658 ad
1015 594 1432 659 lectitandum
1498 595 1729 660 diserte
1797 596 2341 675 commendantur,
2391 598 2471 661 cf.
2522 620 2583 681 p.
2635 601 2785 677 224,

546 703 718 767 7-9
789 703 881 765 ‘ut
945 706 1008 766 te
1074 701 1415 784 (Marcum)
1471 702 1755 765 studium
1801 702 2053 787 legendi
2114 704 2479 783 incessisset,
2549 708 2663 768 aut
2725 712 2788 770 te

542 807 772 873 Plauto
820 808 1148 891 expolires,
1200 814 1313 873 aut
1360 808 1554 875 Accio
1603 810 1901 892 expleres,
1960 816 2074 875 aut
2117 809 2411 875 Lucretio
2461 811 2784 892 delenireS,

542 920 656 980 aut
719 915 926 978 Ennio
993 915 1394 981 incenderae'.
1524 916 1860 994 Attamen,
1944 916 2115 1000 quod
2180 918 2255 981 de
2319 918 2419 981 his
2482 922 2788 1001 quattuor

544 1022 831 1099 diximuS,
880 1022 945 1085 id
993 1024 1187 1086 etiam
1235 1021 1310 1085 de
1355 1023 1616 1104 reliquis
1663 1023 1868 1106 poetis
1915 1024 2052 1088 loco
2104 1023 2289 1088 modo
2335 1026 2530 1090 citato
2561 1026 2648 1109 (p.
2679 1029 2785 1105 62,

547 1130 834 1213 18-20)
880 1128 1155 1193 laudatis
1202 1129 1522 1193 affirmare
1568 1152 1919 1212 possumne,
1979 1131 2174 1194 immo
2222 1133 2309 1195 eis
2355 1155 2626 1217 quoque,
2678 1137 2785 1217 qui

541 1237 610 1301 in
654 1236 921 1321 singulis
967 1239 1223 1301 tantum
1272 1236 1606 1301 verborum
1657 1237 1993 1322 generibus
2030 1238 2350 1322 elegantes
2380 1239 2661 1318 fuerunt,
2711 1240 2787 1304 de

543 1343 767 1421 Novio,
820 1343 1192 1427 Po1nponi0,
1239 1344 1416 1422 Atta,
1467 1343 1726 1408 Lucilio.
1821 1345 1898 1410 cf.
1949 1367 2003 1427 p.
2052 1345 2157 1422 62,
2190 1346 2453 1409 20-24
2501 1346 2569 1413 F.
2618 1350 2782 1410 ‘nam

543 1456 794 1533 praeter
868 1450 983 1514 hos
1056 1451 1287 1534 partim
1363 1451 1746 1534 scriptorum
1821 1450 2289 1515 animadvertas
2354 1453 2783 1535 particulatim

543 1558 870 1643 elegantis,
919 1557 1200 1622 Novium
1247 1560 1312 1621 et
1356 1557 1786 1641 Pomponium
1833 1594 1921 1603 -—
1966 1558 2033 1621 in
2090 1556 2297 1622 ‚verbis
2343 1560 2675 1622 rusticanis
2722 1562 2787 1621 et

541 1665 924 1730 iocularibus
970 1687 1043 1729 ac
1090 1664 1484 1743 ridiculariiS,
1532 1664 1758 1730 Attam
1806 1665 1873 1728 in
1921 1663 2331 1729 muliebribus
2367 1701 2435 1710 —
2468 1664 2786 1729 Lucilium

542 1773 611 1836 in
659 1773 963 1855 cuiusque
1010 1772 1166 1835 artis
1212 1794 1284 1835 ac
1329 1772 1575 1856 negotii
1621 1771 1935 1854 propriis'.

676 1913 1082 1978 Adhortatur
1120 1914 1286 1977 enim
1326 1912 1572 1977 Fronto
1613 1913 1967 1997 discipulos
2016 1918 2091 1978 ut
2127 1915 2193 1977 in
2238 1916 2476 1998 poesim
2514 1918 2783 1979 veterem

544 2022 916 2107 praesertim
962 2021 1028 2084 in
1076 2020 1451 2096 comoedias,
1501 2021 1829 2099 atellanaS,
1876 2024 2131 2106 togatas
2179 2021 2514 2107 diligenter
2540 2023 2783 2086 incum-

546 2132 720 2208 bant,
769 2128 996 2212 quibus
1042 2129 1376 2212 postremis
1404 2126 1682 2192 Novium
1716 2132 1778 2192 et
1807 2129 2033 2192 Attam
2060 2128 2402 2211 significari
2435 2129 2785 2193 luculenter

545 2238 833 2321 apparet.
927 2235 1007 2301 cf.
1056 2258 1118 2318 p.
1174 2235 1319 2313 106,
1369 2236 1409 2299 3
1455 2257 1548 2319 sq.
1599 2232 1668 2300 F.
1736 2237 2099 2299 ‘sententias
2146 2236 2506 2317 arriperetis
2558 2272 2636 2280 —
2686 2236 2787 2300 vel

544 2365 748 2409 comes
794 2366 870 2407 ex
916 2342 1210 2421 comediS,
1279 2342 1375 2405 vel
1432 2342 1706 2406 urbanas
1761 2365 1837 2407 ex
1883 2342 2139 2427 togatiS,
2205 2341 2303 2406 vel
2350 2364 2426 2405 ex
2474 2343 2786 2406 Atellanis

546 2452 786 2537 lepidas
842 2453 906 2517 et
953 2450 1205 2516 facetas'
1272 2472 1334 2534 p.
1403 2449 1508 2527 34,
1562 2450 1644 2515 13
1692 2471 1783 2534 sq.
1833 2448 1921 2514 M.
1990 2449 2127 2514 ‘feci
2184 2455 2398 2515 tamen
2453 2450 2610 2514 mihi
2667 2451 2784 2532 (ita

543 2564 710 2624 recte
757 2558 962 2623 Maius
1009 2558 1089 2624 cf.
1140 2557 1649 2622 Studemundum
1696 2558 1737 2621 l.
1782 2579 1830 2622 c.
1878 2580 1939 2641 p.
1990 2557 2063 2623 V.
2094 2579 2140 2623 S.
2180 2557 2784 2641 f.)—excerpta—

544 2667 700 2731 inibi
746 2672 896 2730 sunt
960 2671 1024 2729 et
1078 2664 1408 2729 Novianae
1455 2663 1900 2728 Atellaniolae'
1963 2664 2042 2727 cf.
2091 2663 2318 2728 Hertz:
2368 2665 2577 2730 annal.
2625 2665 2781 2747 phil.

543 2775 751 2857 suppl.
803 2775 861 2838 7.
930 2796 992 2855 p.
1044 2772 1127 2836 23
1192 2770 1335 2837 adn.
1384 2771 1487 2837 53.
1598 2769 1914 2834 Lucilium
1979 2791 2126 2833 vero
2195 2769 2436 2834 Fronto
2501 2771 2784 2853 appellat

546 2878 884 2965 ‘gracilem'
931 2901 994 2960 p.
1048 2878 1193 2956 114,
1248 2880 1303 2944 1.
1416 2877 1734 2953 Quoniam
1793 2876 1861 2939 hi
1907 2879 2153 2960 poetae,
2203 2899 2361 2960 quos
2406 2898 2600 2959 supra
2646 2876 2783 2939 lau-

546 2988 848 3064 davimuS,
918 3007 1132 3049 omnes
1178 2985 1419 3049 rhetori
1472 2984 1772 3049 videntur
1818 3005 1945 3048 esse
1992 2982 2460 3068 elegantissimi,
2528 2986 2592 3046 et
2652 2985 2784 3066 ipse

547 3117 622 3158 ex
670 3094 757 3157 eis
803 3095 868 3156 et
914 3092 1203 3175 discipuli
1251 3092 1382 3156 eius
1429 3092 1787 3174 exemplum
1834 3091 2032 3155 secuti
2088 3091 2424 3154 versiculos
2482 3093 2595 3152 aut
2654 3091 2784 3153 sin-

546 3203 701 3286 gula
767 3200 957 3263 verba
1023 3199 1408 3283 depromunt
1482 3199 1561 3262 ad
1639 3201 1936 3262 ornatum
2015 3198 2301 3278 epistulis
2373 3197 2781 3260 afferendum.

545 3310 943 3390 Quamquam
974 3306 1217 3371 Fronto
1265 3304 1574 3370 eiusmodi
1619 3309 1918 3369 ornatum
1966 3304 2042 3368 de
2087 3303 2330 3367 ludicro
2375 3307 2630 3367 tantum
2677 3304 2784 3367 lit-

545 3421 823 3480 terarum
873 3436 1101 3499 genere
1153 3413 1482 3497 praecipit,
1510 3411 1561 3493 ¹)
1626 3416 1842 3476 tamen
1907 3412 2099 3475 etiam
2163 3411 2231 3473 in
2295 3410 2580 3493 epistulis
2642 3432 2785 3473 eum

545 3523 696 3586 satis
744 3521 1083 3605 diligenter
1128 3520 1476 3603 usurpavit.

695 3733 733 3803 ι)
771 3733 838 3788 cf.
877 3752 929 3803 p.
961 3733 1082 3798 212,
1115 3734 1180 3787 10
1221 3733 1457 3787 ‘fabulae
1495 3733 1659 3786 deum
1695 3732 1783 3787 vel
1820 3731 2049 3785 heroum
2089 3729 2415 3799 tempestive
2451 3727 2784 3792 inserendae,

545 3826 682 3880 item
716 3842 902 3879 versus
939 3825 1302 3892 congruentes
1340 3826 1396 3877 et
1432 3822 1723 3892 proverbia
1760 3820 2171 3875 accommodata
2198 3823 2254 3873 et
2282 3837 2393 3873 non
2419 3819 2635 3873 inficete
2663 3836 2785 3871 con-

545 3916 675 3969 ficta
710 3913 1029 3968 mendacia'.
1114 3911 1350 3966 Omnino
1395 3912 1455 3965 in
1492 3912 1759 3981 epistulas
1786 3909 2185 3964 Frontonianas
2223 3908 2459 3977 quadrat
2497 3909 2528 3961 J
2531 3908 2634 3960 ulii
2662 3907 2785 3960 Vic-

545 4004 681 4058 toris
717 4005 1072 4072 praeceptum
1109 4001 1167 4054 in
1206 4004 1324 4055 arte
1379 4001 1654 4055 rhetorica
1709 3999 1765 4054 O.
1805 4000 2028 4053 XXVII.
2086 3999 2289 4066 (Halm.
2337 3999 2475 4052 rhet.
2516 3998 2613 4051 lat.
2652 3997 2783 4050 min.

546 4113 596 4162 p.
635 4093 758 4157 448,
799 4091 888 4159 29)
943 4092 1089 4159 quod
1145 4094 1274 4161 apte
1329 4090 1607 4145 revocavit
1661 4089 1928 4143 Ehrenth.
1968 4089 2003 4142 1.
2044 4105 2089 4141 c.
2138 4106 2190 4157 p.
2230 4089 2300 4142 32
2357 4087 2481 4140 adn.
2522 4087 2601 4149 72,
2657 4104 2788 4139 nam

546 4185 764 4253 praeter
798 4199 985 4236 versus
1024 4180 1195 4235 etiam
1233 4198 1434 4250 graeca
1470 4180 1723 4250 epistulis
1760 4178 1977 4247 saepius
2014 4178 2225 4231 inserta
2252 4180 2395 4231 sunt.

688 4271 754 4326 cf.
793 4289 845 4340 p.
886 4272 935 4337 9,
969 4270 1034 4323 18
1072 4271 1143 4323 Μ.
1186 4270 1310 4323 ‘non
1348 4270 1497 4324 enim
1538 4269 1636 4324 ille
1672 4268 1918 4339 profecto
1946 4263 2151 4335 εἰκοστῷ
2179 4267 2399 4320 demum
2430 4262 2523 4316 ἔτει
2551 4265 2789 4320 venisset

547 4357 617 4421 εἰς
653 4357 863 4433 πατρίδα
899 4361 1068 4430 ’saiw'
1108 4377 1153 4414 e.
1193 4376 1244 4426 q.
1284 4378 1323 4413 S.
