3140 5014
1455 352 1536 418 51

375 546 533 611 illud
580 547 715 626 scis,
763 543 964 612 εἰκόνα
1010 547 1068 610 ei·
1112 548 1202 611 rei
1250 547 1516 627 adsumi,
1565 553 1639 614 ut
1684 551 1798 612 aut
1844 551 2028 613 ornet
2082 549 2266 633 quid,
2334 554 2448 615 aut
2511 549 2620 614 de-

375 658 596 738 turpet
639 657 753 718 aut
798 655 1193 738 aequiperet,
1261 661 1375 720 aut
1437 656 1793 733 deminuat,
1860 661 1974 720 aut
2036 657 2302 740 ampliet
2368 660 2481 721 aut
2545 679 2622 721 ex

377 762 585 825 minus
631 759 912 825 credibili
959 759 1252 825 credibile
1300 761 1578 828 efficiat'.
1672 761 1839 826 Male
1884 761 2233 827 Eussnerus
2289 765 2358 828 in
2406 763 2620 829 dativo

381 869 454 932 ‘ei
501 869 610 932 rei'
660 867 998 932 delendum
1045 868 1288 933 censuit
1341 891 1712 952 pronomen.
1806 869 1886 933 cf.
1944 868 2104 934 Mus.
2173 869 2377 936 Rhen.
2439 870 2621 936 XXV

378 997 439 1058 p.
487 974 638 1041 545.
732 973 847 1038 Est
891 975 1062 1039 enim
1111 976 1187 1038 ‘ei
1233 976 1341 1039 rei'
1392 976 1643 1040 dativus
1699 976 2037 1055 commodi,
2105 978 2216 1060 qui
2279 980 2529 1061 saepius
2584 1000 2622 1040 a

379 1082 705 1146 Frontone
753 1085 1113 1165 usurpatur.
1198 1082 1278 1149 cf.
1330 1106 1390 1166 p.
1442 1083 1556 1161 63,
1616 1083 1701 1147 22
1768 1087 1852 1147 ‘te
1916 1105 2153 1169 magno
2218 1106 2408 1168 opere
2470 1107 2624 1149 con-

378 1188 587 1267 laudO,
637 1189 810 1272 quod
857 1190 913 1253 ei
960 1189 1052 1253 rei
1097 1211 1313 1253 curam
1360 1189 1866 1272 industriamque
1912 1190 2192 1270 adhibes,
2247 1192 2332 1255 ut'
2383 1215 2436 1255 e.
2478 1213 2538 1275 q.
2576 1213 2623 1257 S.

380 1319 442 1380 p.
491 1295 596 1374 95,
650 1297 732 1361 12
781 1295 934 1360 ‘Nec
979 1297 1323 1380 quicquam
1369 1299 1464 1360 est
1509 1301 1856 1380 praeterea,
1906 1297 2072 1380 quod
2121 1318 2240 1382 ego
2286 1300 2625 1382 tantopere

382 1439 462 1449 —
511 1402 925 1485 impetratum
972 1403 1244 1486 cupiam,
1294 1425 1487 1487 quam
1543 1407 1618 1466 ut
1674 1406 1882 1468 vestro
1938 1407 2279 1487 conspectu
2349 1441 2429 1450 —
2494 1404 2625 1468 frui

381 1531 573 1593 quam
620 1509 779 1573 mihi
826 1509 1172 1574 diutissime
1219 1510 1432 1574 liceat:
1493 1511 1676 1593 eique
1732 1531 1849 1594 ego
1907 1510 2024 1588 rei,
2089 1511 2178 1574 sei
2223 1511 2359 1575 fieri
2405 1512 2623 1595 possit,
2719 1590 2742 1591 7

379 1638 814 1700 repuerascere
860 1618 1050 1700 opto'.
1098 1640 1159 1700 p.
1210 1618 1360 1696 210,
1418 1619 1495 1682 17
1548 1619 1625 1682 ‘ei
1672 1618 1762 1681 rei
1809 1639 2075 1700 pompas
2131 1654 2215 1663 —
2273 1640 2311 1681 a
2367 1618 2626 1682 maiori-

380 1724 495 1788 bus
542 1724 817 1790 dicatas'.
910 1723 1008 1787 Ad
1056 1723 1226 1788 hunc
1255 1725 1484 1802 locum,
1535 1747 1718 1808 quem
1769 1727 2087 1807 postremo
2118 1725 2389 1803 laudavi,
2420 1724 2627 1789 Maius

383 1830 652 1895 adnotat
726 1829 937 1895 Plaut.
1011 1830 1164 1895 Oist.
1244 1830 1292 1893 I.
1360 1831 1421 1908 3,
1501 1831 1614 1910 363
1692 1831 1852 1895 adde
1925 1830 2088 1897 Eun.
2162 1831 2334 1915 apud
2400 1832 2625 1898 Front.

383 1960 443 2020 p.
490 1938 639 2015 217,
690 1939 730 2003 6
781 1941 937 2001 ‘tum
985 1938 1325 2002 morituros
1371 1938 1524 2002 scivi
1570 1942 1636 2003 et
1681 1939 1738 2002 ei
1785 1938 1876 2002 rei
1920 1939 2189 2004 sustuli'.

515 2043 652 2108 Iam
701 2048 968 2128 apparet
1013 2066 1091 2109 ex
1137 2046 1288 2109 locis
1343 2045 1555 2108 allatis
1612 2045 1910 2110 Eussneri
1974 2045 2415 2109 emendatione
2470 2067 2630 2128 opus

385 2174 511 2217 non
561 2173 704 2217 esse.
797 2151 916 2217 Sed
966 2152 1093 2216 alio
1141 2174 1394 2236 quoque
1440 2151 1581 2216 loco
1629 2152 1798 2216 idem
1843 2151 1940 2214 vir
1980 2151 2376 2216 doctissimus
2402 2151 2631 2216 codicis

384 2259 722 2333 lectionem
801 2281 1133 2342 perperam
1208 2261 1624 2322 commutasse
1697 2258 1856 2321 mihi
1919 2256 2190 2324 videtur.
2301 2257 2632 2343 Leguntur

385 2365 553 2429 enim
611 2366 678 2429 in
725 2365 934 2431 Arione
995 2382 1050 2448 p.
1099 2364 1256 2446 238,
1322 2365 1345 2428 1
1403 2381 1495 2446 sq.
1563 2366 1746 2430 haec:
1828 2365 1985 2428 ‘Rex
2050 2364 2294 2428 homini
2359 2364 2627 2443 credere,

387 2472 692 2537 miraculo
760 2473 1162 2553 addubitare,
1233 2495 1459 2538 navem
1523 2478 1590 2538 et
1657 2472 1857 2537 socios
1909 2472 2182 2551 navaliS,
2260 2470 2411 2536 dum
2474 2472 2630 2536 reci-

388 2584 630 2664 perent,
680 2581 998 2664 opperiri'.
1092 2581 1440 2644 Eussnerus
1485 2581 1687 2664 igitur
1740 2579 1806 2642 in
1856 2577 2155 2645 Fleckeis.
2221 2579 2431 2646 annal.
2489 2578 2630 2643 CXI

388 2711 450 2772 p.
502 2689 630 2754 766
677 2698 796 2771 pro
844 2688 1289 2771 reciperent
1344 2687 1470 2772 legi
1525 2687 1703 2750 iubet
1757 2686 2152 2769 reciperet.
2257 2685 2407 2750 Non
2463 2689 2632 2751 recte

388 2793 754 2858 EussneruS.
851 2794 1019 2859 Nam
1066 2796 1342 2878 recipere
1399 2796 1777 2877 usurpatum
1843 2797 1936 2857 est
1999 2792 2120 2857 hoc
2183 2794 2324 2857 loeo
2385 2814 2503 2875 pro
2567 2814 2632 2856 se

388 2902 664 2984 recipere
708 2902 1149 2987 significatque
1196 2901 1400 2966 redire
1445 2901 1575 2967 scil.
1621 2901 1689 2963 in
1726 2903 2023 2983 portum,
2083 2921 2246 2982 quae
2302 2921 2422 2963 vox
2466 2899 2632 2962 inse-

390 3009 626 3091 quitur.
720 3008 936 3074 Simile
983 3012 1095 3088 est,
1145 3009 1314 3093 quod
1363 3009 1601 3093 legitur
1647 3030 1709 3090 p.
1762 3008 1866 3085 68,
1922 3008 2005 3071 10
2051 3005 2217 3069 ‘inde
2265 3008 2407 3088 post
2443 3006 2631 3069 meri-

390 3114 556 3179 diem
604 3115 859 3179 domum
906 3101 1279 3198 recepimus;
1328 3136 1446 3200 ego
1495 3136 1595 3177 me
1634 3113 1714 3177 ad
1753 3112 2035 3177 libellos'.
2110 3111 2389 3175 Omnino
2419 3116 2632 3175 autem

391 3222 562 3305 apud
610 3221 1000 3286 Frontonem
1049 3222 1298 3305 saepius
1353 3221 1545 3285 verba
1600 3220 1937 3286 transitiva
2002 3218 2388 3283 adhibentur
2447 3240 2630 3283 sensu

393 3328 709 3395 reflexim.
802 3329 884 3393 cf.
933 3352 996 3412 p.
1054 3329 1197 3407 105,
1246 3330 1330 3394 27
1382 3333 1542 3411 ‘spes
1587 3328 1654 3391 in
1701 3349 1836 3391 rem
1880 3325 2234 3390 convertit'.
2285 3348 2349 3409 p.
2397 3326 2547 3405 230,
2592 3326 2633 3391 9

394 3437 488 3499 ‘ea
517 3435 764 3500 somnia
795 3437 1168 3519 plerumque
1210 3435 1291 3499 ad
1340 3457 1559 3500 verum
1593 3433 2013 3498 convertunt'.
2049 3455 2108 3516 p.
2141 3433 2243 3511 70,
2280 3434 2363 3497 10
2408 3432 2634 3516 ‘prius-

394 3563 587 3625 quam
630 3542 700 3606 in
744 3541 912 3608 latus
957 3539 1276 3607 converto'
1327 3541 1450 3626 (pr.
1499 3540 1634 3623 m.).
1729 3539 1972 3604 Deinde
2026 3551 2201 3618 vero,
2259 3539 2429 3623 quod
2485 3561 2634 3624 gra-

392 3648 715 3714 vissimum
779 3655 874 3714 est
936 3651 1335 3733 maximeque
1398 3648 1628 3713 codicis
1691 3647 2026 3712 lectionem
2090 3650 2326 3725 tuetur,
2391 3646 2634 3710 Fronto

393 3777 469 3820 eo
513 3758 675 3837 loen,
733 3757 810 3822 de
855 3780 982 3841 quo
1030 3758 1265 3842 agitur,
1332 3756 1701 3820 Plautinum
1769 3753 2013 3818 dicendi
2079 3775 2262 3817 usum
2315 3754 2634 3830 imitatur;

392 3863 748 3929 simillimus
792 3867 961 3930 enim
1009 3870 1102 3930 est
1150 3866 1320 3952 locus
1366 3863 1579 3927 Plauti
1627 3861 1855 3925 Bacch.
1904 3858 1989 3925 II.
2020 3861 2081 3939 3,
2118 3861 2205 3925 60
2253 3864 2517 3923 ‘rursum
2566 3859 2634 3923 in

395 3974 651 4054 portum
699 3973 1081 4056 recipimus';
1130 3972 1209 4038 cf.
1255 3971 1451 4036 etiam
1494 3969 1685 4036 Merc.
1716 3967 1799 4031 II.
1832 3968 1895 4045 4,
1928 3968 2042 4042 303
2093 3965 2258 4031 Rud.
2290 3965 2404 4029 ΙΙΙ.
2439 3969 2499 4044 6,
2529 3966 2633 4032 42.

530 4078 612 4143 De
662 4078 816 4144 bello
862 4079 1132 4146 Parthico
1179 4095 1233 4161 p.
1284 4076 1438 4159 222,
1490 4075 1573 4141 12
1623 4092 1716 4157 sq.
1785 4073 2052 4153 Front0,
2121 4072 2291 4155 quod
2349 4095 2478 4137 non
2522 4094 2636 4137 sua

396 4171 589 4251 manu
636 4187 1040 4271 rescripserit,
1106 4187 1323 4252 Marco
1378 4208 1443 4249 se
1496 4185 1589 4248 ita
1636 4186 1921 4246 excusat:
1991 4181 2248 4266 ‘Digitis
2293 4179 2636 4244 admodum

396 4290 690 4358 invalidis
734 4315 903 4360 nunc
956 4298 1105 4358 utor
1168 4298 1232 4358 et
1293 4290 1808 4358 detractantibus,
1916 4289 2083 4353 Tum
2145 4288 2301 4353 haec
2364 4287 2636 4370 epistula

396 4402 671 4467 multum
718 4402 1053 4466 verborum
1100 4401 1446 4486 ingerebat,
1493 4421 1633 4464 mea
1679 4400 1894 4461 autem
1942 4395 2203 4460 dextera
2249 4416 2472 4458 manus
2519 4393 2638 4457 hac

2207 4499 2271 4554 4*
