3140 5014
1663 330 1750 394 34

581 522 892 586 victarum
921 526 985 587 et
1010 523 1465 589 tabescentium
1497 525 1753 590 Tiberio
1784 525 1879 589 illi
1911 527 2307 610 superfuisse.
2399 512 2822 612 Imperatores

582 632 793 693 autem
842 629 1133 713 deinceps
1178 631 1258 694 ad
1306 631 1766 715 Vespasianum
1824 655 2022 717 usque
2078 635 2384 700 eiusmodi
2449 658 2682 716 omnes,
2749 642 2824 704 ut

582 758 711 800 non
758 736 966 800 minus
1013 737 1347 802 verborum
1411 739 1695 822 puderet,
1754 761 1942 822 quam
2003 742 2251 826 pigeret
2295 766 2543 809 morum
2589 749 2655 808 et
2701 747 2823 808 mi-

577 848 811 908 sereret
874 844 1272 909 facinorum.'
1382 846 1564 921 Quod
1633 846 1755 910 hoc
1819 849 1958 912 loco
2025 848 2101 913 de
2166 851 2618 932 imperatorum
2686 851 2821 915 elo-

579 951 841 1032 quentia
888 950 1067 1028 dixit,
1115 951 1284 1015 idem
1331 953 1523 1016 etiam
1568 954 1633 1016 in
1682 954 2020 1037 scriptores
2064 955 2304 1036 cadere,
2372 956 2496 1022 duo
2545 958 2665 1021 loci
2712 958 2820 1023 de-

580 1063 957 1136 monstrant,
1033 1058 1261 1142 quibus
1336 1058 1640 1124 Senecam
1724 1063 1789 1125 et
1871 1060 2198 1126 Lucanum
2281 1064 2820 1129 vehementissime

578 1167 971 1251 perstringit.
1019 1168 1099 1233 cf.
1150 1190 1210 1250 p.
1257 1167 1400 1246 158,
1465 1169 1729 1234 18-19
1824 1169 2009 1245 ‘Quid
2056 1192 2174 1254 ego
2222 1172 2560 1236 verborum
2604 1172 2819 1237 sordes

577 1277 640 1337 et
683 1274 971 1340 illuvies?
1019 1273 1170 1357 quid
1217 1274 1407 1338 verba
1453 1275 1779 1340 modulate
1824 1275 2138 1340 collocata
2184 1281 2249 1341 et
2294 1278 2652 1343 effeminate
2696 1278 2817 1343 flu-

577 1378 790 1444 entia.'
840 1404 901 1464 p.
941 1383 1085 1459 161,
1145 1382 1226 1445 14
1320 1380 1917 1467 ι8011111163,’11011130
1965 1404 2041 1447 ex
2087 1384 2392 1448 eiusmodi
2444 1385 2619 1449 libris
2664 1407 2816 1449 con-

576 1487 851 1570 cipitur.’
961 1486 1178 1570 Atque
1224 1488 1290 1552 in
1341 1488 1505 1553 hanc
1552 1489 2085 1572 vituperationem
2134 1489 2369 1555 Seneca
2416 1495 2481 1555 et
2526 1492 2818 1557 Lucanus

575 1596 715 1659 ideo
761 1596 1097 1678 praecipue
1143 1617 1181 1658 a
1229 1595 1553 1659 Frontone
1599 1599 1926 1675 vocantur,
1992 1592 2160 1681 quod
2210 1598 2458 1662 easdem
2518 1621 2614 1663 res
2676 1599 2818 1663 aliis

575 1706 766 1785 atque
813 1703 952 1766 aliis
1008 1702 1210 1767 verbis
1271 1704 1615 1768 sexcenties
1675 1708 1968 1787 repetant
2032 1708 2609 1789 comparanturque
2671 1728 2817 1770 cum

576 1810 986 1874 histrionibus
1051 1809 1267 1873 eodem
1336 1811 1532 1893 pallio
1581 1811 1785 1874 varias
1833 1811 2071 1895 figuras
2115 1811 2516 1876 imitantibus
2562 1816 2627 1876 et
2670 1834 2814 1877 cum
2925 1902 2928 1905 Ι

574 1918 819 2000 puelliS,
887 1939 1049 1999 quae
1095 1916 1429 1999 olfactoria
1477 1923 1541 1981 et
1585 1918 1803 1981 sucina
1849 1917 2167 1981 refricant.
2194 1918 2243 2000 ¹)
2334 1918 2412 1983 cf.
2460 1942 2522 2001 p.
2578 1918 2721 1998 157,
2770 1921 2814 1984 2

575 2061 664 2070 -
716 2024 860 2102 158,
912 2027 972 2090 8.
1084 2022 1388 2088 Senecam
1452 2028 1666 2088 autem
1713 2024 1956 2088 Fronto
2020 2024 2209 2087 etiam
2258 2027 2601 2107 separatim
2663 2047 2814 2109 gra-

574 2132 837 2195 vissimis
882 2135 947 2194 et
992 2131 1402 2195 acerbissimis
1448 2131 1846 2195 contumeliis
1890 2132 2254 2198 insectatur.
2344 2129 2638 2215 Namque
2682 2133 2813 2197 eius

571 2220 882 2303 scribendi
932 2245 1228 2302 ornatum
1278 2238 1620 2302 admodum
1667 2237 2074 2303 artificiosum
2120 2260 2264 2302 cum
2312 2240 2623 2321 ‘prunulis
2652 2241 2811 2304 mol-

572 2346 736 2410 libus
783 2351 849 2409 et
896 2345 1305 2410 febriculosis’
1355 2344 1623 2422 confert,
1673 2344 1902 2427 quibus
1931 2350 2367 2428 opponuntur,
2418 2349 2491 2409 ut
2527 2347 2594 2410 in
2642 2347 2812 2412 anti-

573 2454 796 2538 quario
843 2458 1336 2518 consentaneum
1383 2456 1494 2532 est,
1544 2450 1802 2517 Catonis
1832 2473 2021 2518 nuces
2048 2444 2338 2538 iligneae.
2432 2453 2514 2521 cf.
2563 2475 2625 2538 p.
2662 2452 2807 2532 155,

579 2563 658 2626 19
704 2584 839 2644 sqq.
950 2560 1086 2625 Iam
1141 2561 1405 2625 eundem
1457 2559 1759 2625 Senecam
1815 2560 1940 2624 alio
1987 2562 2127 2624 1000
2174 2561 2680 2646 praestrigiatori
2724 2562 2810 2625 si-

574 2668 784 2733 milem
849 2690 977 2732 esse
1040 2668 1387 2748 contendit,
1454 2690 1580 2751 quo
1628 2690 1757 2733 non
1823 2668 2112 2732 homines
2158 2667 2407 2747 eruditi,
2473 2668 2582 2732 sed
2628 2669 2810 2752 pueri

571 2757 775 2840 solum
824 2776 1164 2860 gaudeant.
1259 2775 1336 2841 cf.
1368 2799 1428 2859 p.
1465 2776 1611 2851 156,
1645 2777 1859 2840 7--16
1908 2776 2220 2858 01101000,
2271 2778 2343 2839 ut
2388 2781 2558 2840 recte
2603 2775 2810 2839 Maius

572 2886 808 2961 monet,
875 2882 1116 2948 Fronto
1171 2886 1320 2947 ante
1368 2883 1581 2947 oculos
1647 2881 1871 2946 habuit
1934 2882 2200 2957 Quintil.
2266 2884 2413 2946 inst.
2477 2905 2567 2946 or.
2616 2881 2694 2946 X.
2749 2883 2805 2947 1.

720 3151 760 3220 ¹)
801 3153 1162 3220 Quamquam,
1203 3151 1350 3219 quod
1387 3151 1513 3204 aliis
1541 3149 1830 3220 opprobrio
1855 3149 2026 3204 vertit
2054 3149 2270 3215 Front0‚
2310 3167 2373 3204 eo
2410 3149 2549 3204 vitio
2585 3167 2655 3204 ne
2690 3149 2808 3219 ipse

571 3243 793 3310 quidem
831 3245 996 3296 caret.
1035 3242 1099 3296 cf.
1141 3241 1374 3295 Teuffel:
1431 3242 1587 3294 Rom.
1628 3237 1792 3294 Litt.⁴
1837 3239 1868 3306 ξ
1906 3240 2027 3292 355.
2068 3242 2114 3293 7.
2208 3240 2500 3295 Praeterea
2536 3239 2719 3295 confer
2756 3257 2800 3293 e.

569 3352 621 3402 g.
662 3352 714 3401 p.
755 3334 839 3397 22,
884 3333 1091 3385 10—14
1129 3332 1185 3385 F.
1227 3331 1312 3395 48,
1352 3331 1420 3383 24
1458 3331 1515 3383 F.
1575 3330 1659 3394 96,
1699 3330 1874 3382 8-12
1913 3329 1970 3382 F.
2036 3331 2149 3394 100,
2189 3331 2255 3383 27
2295 3330 2352 3383 F.
2415 3331 2529 3394 150,
2570 3331 2711 3384 3-4
2747 3330 2805 3383 F.

570 3422 769 3489 quibus
806 3422 937 3475 locis
975 3421 1262 3490 ingenium
1299 3419 1470 3473 Marci
1509 3423 1574 3473 ut
1610 3418 1857 3472 omnium
1894 3418 2428 3487 praestantissimum
2474 3420 2806 3482 celebratur;

569 3531 619 3580 p.
663 3513 747 3575 50,
777 3511 917 3564 2-—6
946 3511 1003 3563 F.
1034 3514 1091 3565 et
1121 3513 1204 3575 95,
1245 3510 1315 3563 26
1343 3527 1419 3576 sq.
1450 3510 1507 3562 F.
1547 3512 1781 3575 utroque
1819 3509 1936 3563 loco
1974 3509 2214 3562 affirmat
2250 3527 2306 3562 se
2343 3509 2610 3578 gaudium
2647 3526 2808 3563 suum

569 3601 680 3654 suis
716 3600 805 3654 vel
842 3600 1065 3653 usitatis
1102 3599 1280 3653 verbis
1318 3598 1619 3668 exprimere
1655 3616 1765 3653 non
1802 3615 1980 3667 posse;
2036 3617 2088 3666 p.
2129 3599 2213 3664 26,
2256 3600 2321 3652 19
2359 3617 2475 3667 sqq,
2513 3599 2587 3652 M.
2626 3601 2683 3652 et
2719 3598 2804 3662 28,

574 3693 638 3744 19
676 3708 791 3757 sqq.
833 3690 904 3743 M.
981 3689 1272 3743 Frontonis
1308 3688 1541 3742 victoria
1580 3707 1614 3741 a
1648 3689 1831 3742 Marco
1869 3687 2090 3741 effertur
2127 3687 2316 3742 eodem
2352 3687 2511 3742 modo
2519 3710 2536 3760 3
2592 3706 2643 3756 p.
2689 3687 2804 3751 127,

572 3781 638 3832 14
677 3780 733 3833 F.
776 3782 831 3833 et
884 3798 935 3848 p.
977 3780 1095 3843 210,
1137 3780 1169 3832 2
1207 3778 1264 3831 F.
1324 3778 1686 3847 contemptim
1742 3777 1900 3845 quasi
1954 3777 2225 3846 proverbii
2280 3777 2397 3832 1000
2451 3776 2695 3831 Viriathi
2750 3778 2807 3829 et

568 3869 820 3937 Spartaci
855 3868 989 3922 belli
1035 3868 1289 3922 scientia·
1313 3871 1369 3922 et
1422 3867 1693 3922 fortitudo
1730 3871 2245 3931 commemorantur3
2303 3885 2355 3936 p.
2395 3868 2479 3932 97,
2520 3868 2551 3918 5
2589 3883 2704 3934 sqq.
2745 3864 2803 3920 F.

569 3962 625 4012 et
662 3977 712 4026 p.
762 3959 875 4022 150,
916 3959 1053 4011 6-—9
1092 3958 1148 4011 F.
1189 3960 1422 4024 utroque
1460 3957 1577 4011 1000
1614 3958 1830 4011 Marcus
1868 3956 2070 4010 dicitur
2108 3956 2413 4010 ‘verborum
2458 3955 2686 4009 lumina‘
2725 3953 2803 4008 di-

568 4047 776 4111 dicisse,
832 4047 1090 4101 videlicet
1144 4064 1209 4100 ex
1265 4046 1510 4114 antiquis
1565 4046 1769 4100 litteris
1779 4068 1791 4110 ;
1847 4064 1899 4114 p.
1940 4047 2024 4111 50,
2070 4047 2131 4098 15
2170 4045 2226 4098 F.
2286 4046 2468 4113 ‘quom
2505 4047 2569 4098 tu
2605 4043 2806 4098 cotidie

570 4139 713 4191 ultro
751 4137 1017 4207 scripsisti
1053 4137 1209 4190 mihi'
1251 4137 1396 4191 idem
1432 4137 1705 4206 repetitur
1749 4155 1802 4206 p.
1844 4137 1927 4202 51,
1967 4138 1998 4189 5
2037 4137 2094 4190 F.
2154 4135 2618 4203 (molestissimam
2655 4153 2805 4205 repe·

567 4229 823 4283 titionem
860 4233 996 4298 puto
1034 4247 1143 4282 non
1181 4247 1293 4283 esse
1331 4228 1636 4293 FrontoniS,
1676 4228 1770 4282 sed
1807 4227 2018 4282 librarii
2054 4228 2120 4281 cf.
2160 4246 2212 4296 p.
2243 4229 2328 4294 20,
2365 4228 2448 4296 11)
2484 4247 2537 4297 p.
2567 4228 2652 4292 87,
2683 4229 2715 4280 3
2744 4226 2802 4279 F.

568 4321 624 4373 et
662 4337 711 4386 p.
763 4319 875 4383 182,
920 4319 984 4372 12
1023 4318 1079 4373 F.
1140 4322 1369 4386 utroque
1425 4320 1542 4373 loco
1581 4319 1783 4373 Fronto
1820 4321 2073 4383 testatur,
2132 4320 2470 4386 quantopere
2523 4316 2806 4386 perdicum

565 4409 747 4463 studio
784 4411 857 4464 sit
893 4409 1127 4464 deditus.
